
    <record>
      <header>
        <identifier>36144</identifier>
        <datestamp>2017-06-29T01:01:01Z</datestamp>
      </header>
      <metadata>
        <collection xmlns="http://www.loc.gov/MARC21/slim" xsi:schemaLocation="http://www.loc.gov/MARC21/slim https://www.loc.gov/standards/marcxml/schema/MARC21slim.xsd">
          <record>
            <leader>cmm 22 4500</leader>
            <controlfield tag="001">ICPSR36144</controlfield>
            <controlfield tag="003">MiAaI</controlfield>
            <controlfield tag="006">m f a u</controlfield>
            <controlfield tag="007">cr mn mmmmuuuu</controlfield>
            <controlfield tag="008">190117s2017 miu f a eng d</controlfield>
            <datafield tag="035" ind1=" " ind2=" ">
              <subfield code="a">(MiAaI)ICPSR36144</subfield>
            </datafield>
            <datafield tag="040" ind1=" " ind2=" ">
              <subfield code="a">MiAaI</subfield>
              <subfield code="c">MiAaI</subfield>
            </datafield>
            <datafield tag="245" ind1="0" ind2="0">
              <subfield code="a">National Health Interview Survey, 2010</subfield>
              <subfield code="h">[electronic resource]</subfield>
              <subfield code="c">United States Department of Health and Human Services. Centers for Disease Control and Prevention. National Center for Health Statistics</subfield>
            </datafield>
            <datafield tag="250" ind1=" " ind2=" ">
              <subfield code="a">2017-06-29</subfield>
            </datafield>
            <datafield tag="260" ind1=" " ind2=" ">
              <subfield code="a">Ann Arbor, Mich.</subfield>
              <subfield code="b">Inter-university Consortium for Political and Social Research [distributor]</subfield>
              <subfield code="c">2017</subfield>
            </datafield>
            <datafield tag="490" ind1=" " ind2=" ">
              <subfield code="a">ICPSR</subfield>
              <subfield code="v">36144</subfield>
            </datafield>
            <datafield tag="490" ind1=" " ind2=" ">
              <subfield code="a">National Health Interview Survey Series</subfield>
            </datafield>
            <datafield tag="516" ind1=" " ind2=" ">
              <subfield code="a">Numeric</subfield>
            </datafield>
            <datafield tag="538" ind1=" " ind2=" ">
              <subfield code="a">Mode of access: Intranet.</subfield>
            </datafield>
            <datafield tag="500" ind1=" " ind2=" ">
              <subfield code="a">Title from ICPSR DDI metadata of 2019-01-17.</subfield>
            </datafield>
            <datafield tag="506" ind1=" " ind2=" ">
              <subfield code="a">AVAILABLE. This study is freely available to the general public.</subfield>
            </datafield>
            <datafield tag="530" ind1=" " ind2=" ">
              <subfield code="a">Also available as downloadable files.</subfield>
            </datafield>
            <datafield tag="522" ind1=" " ind2=" ">
              <subfield code="a">United States</subfield>
            </datafield>
            <datafield tag="520" ind1="3" ind2=" ">
              <subfield code="a">&lt;p&gt;These data are being released in BETA version to facilitate early access to the study for research purposes. This collection has not been fully processed by NACDA or ICPSR at this time; the original materials provided by the principal investigator were minimally processed and converted to other file types for ease of use. As the study is further processed and given enhanced features by ICPSR, users will be able to access the updated versions of the study. Please report any data errors or problems to user support and we will work with you to resolve any data related issues.&lt;/p&gt; &lt;p&gt;The National Health Interview Survey (NHIS) is conducted annually and sponsored by the National Center for Health Statistics (NCHS), which is part of the U.S. Public Health Service. The purpose of the NHIS is to obtain information about the amount and distribution of illness, its effects in terms of disability and chronic impairments, and the kinds of health services people receive across the United States population through the collection and analysis of data on a broad range of health topics. The redesigned NHIS questionnaire introduced in 1997 (see National Health Interview Survey, 1997 [ICPSR 2954]) consists of a core that remains largely unchanged from year to year, plus an assortment of supplements varying from year to year.&lt;/p&gt; &lt;p&gt;The 2010 NHIS Core consists of three modules: Family, Sample Adult, and Sample Child. The datasets derived from these modules include Household Level, Family Level, Person Level, Injury/Poison Episode Level, Injury/Poison Verbatim Level, Sample Adult Level, and Sample Child level.&lt;/p&gt; &lt;p&gt;The 2010 NHIS supplements consist of stand alone datasets for Cancer Level and Quality of Life data derived from the Sample Adult core and Disability Questions Tests 2010 Level derived from the Family core questionnaire. Additional supplementary questions can be found in the Sample Child dataset on the topics of cancer, immunization, mental health, and mental health services and in the Sample Adult dataset on the topics of epilepsy, immunization, and occupational health.&lt;/p&gt; &lt;p&gt;Part 1, Household Level, contains data on type of living quarters, number of families in the household responding and not responding, and the month and year of the interview for each sampling unit. Parts 2-5 are based on the Family Core questionnaire. Part 2, Family Level, provides information on all family members with respect to family size, family structure, health status, limitation of daily activities, cognitive impairment, health conditions, doctor visits, hospital stays, health care access and utilization, employment, income, participation in government assistance programs, and basic demographic information. Part 3, Person Level, includes information on sex, age, race, marital status, education, family income, major activities, health status, health care costs, activity limits, and employment status. Parts 4 and 5, Injury/Poisoning Episode Level and Injury/Poisoning Verbatim Level, consist of questions about injuries and poisonings that resulted in medical consultations for any family members and contains information about the external cause and nature of the injury or poisoning episode and what the person was doing at the time of the injury or poisoning episode, in addition to the date and place of occurrence.&lt;/p&gt; &lt;p&gt;A randomly-selected adult in each family was interviewed for Part 6, Sample Adult Level, regarding specific health issues, the relation between employment and health, health status, health care and doctor visits, limitation of daily activities, immunizations, and behaviors such as smoking, alcohol consumption, and physical activity. Demographic information, including occupation and industry, also was collected. The respondents to Part 6 also completed Part 7, Cancer Level, which consists of a set of supplemental questions about diet and nutrition, physical activity, tobacco, cancer screening, genetic testing, family history, and survivorship. Part 8, Sample Child Level, provides information from an adult in the household on medical conditions of one child in the household, such as developmental or intellectual disabilities, respiratory problems, seizures, allergies, and use of special equipment like hearing aids, braces, or wheelchairs.&lt;/p&gt; &lt;p&gt;Parts 9 through 13 comprise the additional Supplements and Paradata for the 2010 NHIS. Part 9, Disability Questions Tests 2010 Level, is a supplemental set of six questions asked at the end of the Family Core questionnaire about sensory, mobility, self-care, cognition, and independent living issues. Part 10, Paradata Level, does not contain health related information, but rather data which are related to the interview process, including measures of time, contact-ability, and cooperation. Please see the User Guide for additional information and details. Part 11, Quality of Life Level, was asked to a randomly selected subsection of the Sample Adult questionnaire. Respondents were asked about participation in society, degree of difficulty and functioning in activity domains including vision, hearing, mobility, upper body, learning, cognition, affect, pain, fatigue, and communication. Part 12, Special Sample Adult Disability Weights Level, contains weights for use with an analysis of the merged data from the Sample Adult Level and Disability Questions Tests 2010 Level. Part 13, Sample Child Birth Weights Level, contains corrected birth weight data for 2010. Please see the Survey Description files for additional information and details.&lt;/p&gt;Cf: http://doi.org/10.3886/ICPSR36144.v1</subfield>
            </datafield>
            <datafield tag="505" ind1=" " ind2=" ">
              <subfield code="t">Household Level</subfield>
            </datafield>
            <datafield tag="505" ind1=" " ind2=" ">
              <subfield code="t">Family Level</subfield>
            </datafield>
            <datafield tag="505" ind1=" " ind2=" ">
              <subfield code="t">Person Level</subfield>
            </datafield>
            <datafield tag="505" ind1=" " ind2=" ">
              <subfield code="t">Injury/Poison Episode Level</subfield>
            </datafield>
            <datafield tag="505" ind1=" " ind2=" ">
              <subfield code="t">Injury/Poison Verbatim Level</subfield>
            </datafield>
            <datafield tag="505" ind1=" " ind2=" ">
              <subfield code="t">Sample Adult Level</subfield>
            </datafield>
            <datafield tag="505" ind1=" " ind2=" ">
              <subfield code="t">Cancer Level</subfield>
            </datafield>
            <datafield tag="505" ind1=" " ind2=" ">
              <subfield code="t">Sample Child Level</subfield>
            </datafield>
            <datafield tag="505" ind1=" " ind2=" ">
              <subfield code="t">Disability Questions Tests 2010 Level</subfield>
            </datafield>
            <datafield tag="505" ind1=" " ind2=" ">
              <subfield code="t">Paradata Level</subfield>
            </datafield>
            <datafield tag="505" ind1=" " ind2=" ">
              <subfield code="t">Quality of Life Level</subfield>
            </datafield>
            <datafield tag="505" ind1=" " ind2=" ">
              <subfield code="t">Special Sample Adult Disability Weights Level</subfield>
            </datafield>
            <datafield tag="505" ind1=" " ind2=" ">
              <subfield code="t">Sample Child Birth Weights Level</subfield>
            </datafield>
            <datafield tag="567" ind1=" " ind2=" ">
              <subfield code="a">Civilian, non-institutionalized population of the 50 states and the District of Columbia.</subfield>
            </datafield>
            <datafield tag="650" ind1=" " ind2="7">
              <subfield code="a">cancer</subfield>
              <subfield code="2">icpsr</subfield>
            </datafield>
            <datafield tag="650" ind1=" " ind2="7">
              <subfield code="a">child health</subfield>
              <subfield code="2">icpsr</subfield>
            </datafield>
            <datafield tag="650" ind1=" " ind2="7">
              <subfield code="a">disabilities</subfield>
              <subfield code="2">icpsr</subfield>
            </datafield>
            <datafield tag="650" ind1=" " ind2="7">
              <subfield code="a">doctor visits</subfield>
              <subfield code="2">icpsr</subfield>
            </datafield>
            <datafield tag="650" ind1=" " ind2="7">
              <subfield code="a">health care access</subfield>
              <subfield code="2">icpsr</subfield>
            </datafield>
            <datafield tag="650" ind1=" " ind2="7">
              <subfield code="a">health care services</subfield>
              <subfield code="2">icpsr</subfield>
            </datafield>
            <datafield tag="650" ind1=" " ind2="7">
              <subfield code="a">health insurance</subfield>
              <subfield code="2">icpsr</subfield>
            </datafield>
            <datafield tag="650" ind1=" " ind2="7">
              <subfield code="a">health services utilization</subfield>
              <subfield code="2">icpsr</subfield>
            </datafield>
            <datafield tag="650" ind1=" " ind2="7">
              <subfield code="a">health status</subfield>
              <subfield code="2">icpsr</subfield>
            </datafield>
            <datafield tag="650" ind1=" " ind2="7">
              <subfield code="a">hospitalization</subfield>
              <subfield code="2">icpsr</subfield>
            </datafield>
            <datafield tag="650" ind1=" " ind2="7">
              <subfield code="a">hospitals</subfield>
              <subfield code="2">icpsr</subfield>
            </datafield>
            <datafield tag="650" ind1=" " ind2="7">
              <subfield code="a">illness</subfield>
              <subfield code="2">icpsr</subfield>
            </datafield>
            <datafield tag="650" ind1=" " ind2="7">
              <subfield code="a">immunization</subfield>
              <subfield code="2">icpsr</subfield>
            </datafield>
            <datafield tag="650" ind1=" " ind2="7">
              <subfield code="a">injuries</subfield>
              <subfield code="2">icpsr</subfield>
            </datafield>
            <datafield tag="650" ind1=" " ind2="7">
              <subfield code="a">mental health</subfield>
              <subfield code="2">icpsr</subfield>
            </datafield>
            <datafield tag="650" ind1=" " ind2="7">
              <subfield code="a">mental health services</subfield>
              <subfield code="2">icpsr</subfield>
            </datafield>
            <datafield tag="650" ind1=" " ind2="7">
              <subfield code="a">occupational safety and health</subfield>
              <subfield code="2">icpsr</subfield>
            </datafield>
            <datafield tag="650" ind1=" " ind2="7">
              <subfield code="a">poisoning</subfield>
              <subfield code="2">icpsr</subfield>
            </datafield>
            <datafield tag="650" ind1=" " ind2="7">
              <subfield code="a">quality of life</subfield>
              <subfield code="2">icpsr</subfield>
            </datafield>
            <datafield tag="650" ind1=" " ind2="7">
              <subfield code="a">socioeconomic status</subfield>
              <subfield code="2">icpsr</subfield>
            </datafield>
            <datafield tag="650" ind1=" " ind2="7">
              <subfield code="a">substance abuse</subfield>
              <subfield code="2">icpsr</subfield>
            </datafield>
            <datafield tag="650" ind1=" " ind2="7">
              <subfield code="a">tobacco use</subfield>
              <subfield code="2">icpsr</subfield>
            </datafield>
            <datafield tag="653" ind1="0" ind2=" ">
              <subfield code="a">NACDA VI. Health Care Needs, Utilization, and Financing for Older Adults</subfield>
            </datafield>
            <datafield tag="653" ind1="0" ind2=" ">
              <subfield code="a">ICPSR IX. Health Care and Health Facilities</subfield>
            </datafield>
            <datafield tag="653" ind1="0" ind2=" ">
              <subfield code="a">NACDA V. Physical Health and Functioning of Older Adults</subfield>
            </datafield>
            <datafield tag="710" ind1="2" ind2=" ">
              <subfield code="a">United States Department of Health and Human Services. Centers for Disease Control and Prevention. National Center for Health Statistics</subfield>
            </datafield>
            <datafield tag="710" ind1="2" ind2=" ">
              <subfield code="a">Inter-university Consortium for Political and Social Research.</subfield>
            </datafield>
            <datafield tag="830" ind1=" " ind2="0">
              <subfield code="a">ICPSR (Series)</subfield>
              <subfield code="v">36144</subfield>
            </datafield>
            <datafield tag="856" ind1="4" ind2="0">
              <subfield code="z">Access restricted ; authentication may be required:</subfield>
              <subfield code="u">http://doi.org/10.3886/ICPSR36144.v1</subfield>
            </datafield>
          </record>
        </collection>
      </metadata>
    </record>