
    <record>
      <header>
        <identifier>36168</identifier>
        <datestamp>2016-04-15T01:01:01Z</datestamp>
      </header>
      <metadata>
        <collection xmlns="http://www.loc.gov/MARC21/slim" xsi:schemaLocation="http://www.loc.gov/MARC21/slim https://www.loc.gov/standards/marcxml/schema/MARC21slim.xsd">
          <record>
            <leader>cmm 22 4500</leader>
            <controlfield tag="001">ICPSR36168</controlfield>
            <controlfield tag="003">MiAaI</controlfield>
            <controlfield tag="006">m f a u</controlfield>
            <controlfield tag="007">cr mn mmmmuuuu</controlfield>
            <controlfield tag="008">190117s2016 miu f a eng d</controlfield>
            <datafield tag="035" ind1=" " ind2=" ">
              <subfield code="a">(MiAaI)ICPSR36168</subfield>
            </datafield>
            <datafield tag="040" ind1=" " ind2=" ">
              <subfield code="a">MiAaI</subfield>
              <subfield code="c">MiAaI</subfield>
            </datafield>
            <datafield tag="245" ind1="0" ind2="0">
              <subfield code="a">Childhood Adversity and Traumatic Stress among Inpatients at a Psychiatric Hospital in the Baltimore Area from 1993-1995</subfield>
              <subfield code="h">[electronic resource]</subfield>
              <subfield code="c">Eve Carlson</subfield>
            </datafield>
            <datafield tag="250" ind1=" " ind2=" ">
              <subfield code="a">2016-04-15</subfield>
            </datafield>
            <datafield tag="260" ind1=" " ind2=" ">
              <subfield code="a">Ann Arbor, Mich.</subfield>
              <subfield code="b">Inter-university Consortium for Political and Social Research [distributor]</subfield>
              <subfield code="c">2016</subfield>
            </datafield>
            <datafield tag="490" ind1=" " ind2=" ">
              <subfield code="a">ICPSR</subfield>
              <subfield code="v">36168</subfield>
            </datafield>
            <datafield tag="516" ind1=" " ind2=" ">
              <subfield code="a">Numeric</subfield>
            </datafield>
            <datafield tag="538" ind1=" " ind2=" ">
              <subfield code="a">Mode of access: Intranet.</subfield>
            </datafield>
            <datafield tag="500" ind1=" " ind2=" ">
              <subfield code="a">Title from ICPSR DDI metadata of 2019-01-17.</subfield>
            </datafield>
            <datafield tag="536" ind1=" " ind2=" ">
              <subfield code="a">United States Department of Health and Human Services. National Institutes of Health. National Institute of Mental Health. Violence and Traumatic Stress Research Branch</subfield>
              <subfield code="c">R29 MH49401</subfield>
            </datafield>
            <datafield tag="506" ind1=" " ind2=" ">
              <subfield code="a">AVAILABLE. This study is freely available to ICPSR member institutions.</subfield>
            </datafield>
            <datafield tag="530" ind1=" " ind2=" ">
              <subfield code="a">Also available as downloadable files.</subfield>
            </datafield>
            <datafield tag="522" ind1=" " ind2=" ">
              <subfield code="a">Baltimore</subfield>
            </datafield>
            <datafield tag="522" ind1=" " ind2=" ">
              <subfield code="a">Maryland</subfield>
            </datafield>
            <datafield tag="522" ind1=" " ind2=" ">
              <subfield code="a">United States</subfield>
            </datafield>
            <datafield tag="520" ind1="3" ind2=" ">
              <subfield code="a">&lt;p&gt;Childhood Adversity and Traumatic Stress among Inpatients at a Psychiatric Hospital in the Baltimore Area from 1993-1995 includes data collected from adult patients at a psychiatric hospital about their experiences and symptoms throughout their lives.&lt;/p&gt; &lt;p&gt;The study sought to address the following research topics:&lt;/p&gt; &lt;list type="ordered"&gt; &lt;itm&gt;The capacity of childhood family environment (caretaker dysfunction, neglect, perceived social support), violent abuse (physical and sexual), and individual variables (other abuse) to predict adult psychiatric symptoms of post-traumatic stress disorder, dissociation, and depression.&lt;/itm&gt; &lt;itm&gt;How psychiatric inpatient research participants appraised the level of upset and potential usefulness of research participation related to trauma-focused research interviews.&lt;/itm&gt; &lt;itm&gt;What patterns of gaps in memory are reported across types of abuse (physical, sexual, neglect) and other types of traumatic stress.&lt;/itm&gt; &lt;itm&gt;Whether and how low positive affect is related to specific childhood adversities, including abuse, neglect, caretaker dysfunction, and low childhood social support.&lt;/itm&gt; &lt;/list&gt; &lt;p&gt; In addition, data from the study were used to develop and validate a self-report measure of traumatic stress symptoms and a brief, structured interview of self-destructiveness.&lt;/p&gt; &lt;p&gt;The data include diagnoses, psychological symptoms, and structured interview responses related to physical and sexual abuse, post-traumatic stress disorder, and self-destructive behavior. Age, sex, marital status, race, and socioeconomic status comprise the demographic data.&lt;/p&gt;Cf: http://doi.org/10.3886/ICPSR36168.v1</subfield>
            </datafield>
            <datafield tag="505" ind1=" " ind2=" ">
              <subfield code="t">Dataset</subfield>
            </datafield>
            <datafield tag="567" ind1=" " ind2=" ">
              <subfield code="a">Inpatients in a psychiatric hospital.</subfield>
            </datafield>
            <datafield tag="650" ind1=" " ind2="7">
              <subfield code="a">abused children</subfield>
              <subfield code="2">icpsr</subfield>
            </datafield>
            <datafield tag="650" ind1=" " ind2="7">
              <subfield code="a">child health</subfield>
              <subfield code="2">icpsr</subfield>
            </datafield>
            <datafield tag="650" ind1=" " ind2="7">
              <subfield code="a">child neglect</subfield>
              <subfield code="2">icpsr</subfield>
            </datafield>
            <datafield tag="650" ind1=" " ind2="7">
              <subfield code="a">depression (psychology)</subfield>
              <subfield code="2">icpsr</subfield>
            </datafield>
            <datafield tag="650" ind1=" " ind2="7">
              <subfield code="a">mental health</subfield>
              <subfield code="2">icpsr</subfield>
            </datafield>
            <datafield tag="650" ind1=" " ind2="7">
              <subfield code="a">post-traumatic stress disorder</subfield>
              <subfield code="2">icpsr</subfield>
            </datafield>
            <datafield tag="650" ind1=" " ind2="7">
              <subfield code="a">psychological wellbeing</subfield>
              <subfield code="2">icpsr</subfield>
            </datafield>
            <datafield tag="650" ind1=" " ind2="7">
              <subfield code="a">sexual abuse</subfield>
              <subfield code="2">icpsr</subfield>
            </datafield>
            <datafield tag="650" ind1=" " ind2="7">
              <subfield code="a">social support</subfield>
              <subfield code="2">icpsr</subfield>
            </datafield>
            <datafield tag="653" ind1="0" ind2=" ">
              <subfield code="a">ICPSR IX. Health Care and Health Facilities</subfield>
            </datafield>
            <datafield tag="700" ind1="2" ind2=" ">
              <subfield code="a">Carlson, Eve</subfield>
              <subfield code="u">Veterans Affairs Palo Alto Health Care System</subfield>
            </datafield>
            <datafield tag="710" ind1="2" ind2=" ">
              <subfield code="a">Inter-university Consortium for Political and Social Research.</subfield>
            </datafield>
            <datafield tag="830" ind1=" " ind2="0">
              <subfield code="a">ICPSR (Series)</subfield>
              <subfield code="v">36168</subfield>
            </datafield>
            <datafield tag="856" ind1="4" ind2="0">
              <subfield code="z">Access restricted ; authentication may be required:</subfield>
              <subfield code="u">http://doi.org/10.3886/ICPSR36168.v1</subfield>
            </datafield>
          </record>
        </collection>
      </metadata>
    </record>