
    <record>
      <header>
        <identifier>36170</identifier>
        <datestamp>2017-10-25T01:01:01Z</datestamp>
      </header>
      <metadata>
        <collection xmlns="http://www.loc.gov/MARC21/slim" xsi:schemaLocation="http://www.loc.gov/MARC21/slim https://www.loc.gov/standards/marcxml/schema/MARC21slim.xsd">
          <record>
            <leader>cmm 22 4500</leader>
            <controlfield tag="001">ICPSR36170</controlfield>
            <controlfield tag="003">MiAaI</controlfield>
            <controlfield tag="006">m f a u</controlfield>
            <controlfield tag="007">cr mn mmmmuuuu</controlfield>
            <controlfield tag="008">190117s2015 miu f a eng d</controlfield>
            <datafield tag="035" ind1=" " ind2=" ">
              <subfield code="a">(MiAaI)ICPSR36170</subfield>
            </datafield>
            <datafield tag="040" ind1=" " ind2=" ">
              <subfield code="a">MiAaI</subfield>
              <subfield code="c">MiAaI</subfield>
            </datafield>
            <datafield tag="245" ind1="0" ind2="0">
              <subfield code="a">Consumer Expenditure Survey Summary Tables</subfield>
              <subfield code="h">[electronic resource]</subfield>
              <subfield code="c">United States. Bureau of Labor Statistics</subfield>
            </datafield>
            <datafield tag="250" ind1=" " ind2=" ">
              <subfield code="a">2017-10-25</subfield>
            </datafield>
            <datafield tag="260" ind1=" " ind2=" ">
              <subfield code="a">Ann Arbor, Mich.</subfield>
              <subfield code="b">Inter-university Consortium for Political and Social Research [distributor]</subfield>
              <subfield code="c">2015</subfield>
            </datafield>
            <datafield tag="490" ind1=" " ind2=" ">
              <subfield code="a">ICPSR</subfield>
              <subfield code="v">36170</subfield>
            </datafield>
            <datafield tag="516" ind1=" " ind2=" ">
              <subfield code="a">Numeric</subfield>
            </datafield>
            <datafield tag="538" ind1=" " ind2=" ">
              <subfield code="a">Mode of access: Intranet.</subfield>
            </datafield>
            <datafield tag="500" ind1=" " ind2=" ">
              <subfield code="a">Title from ICPSR DDI metadata of 2019-01-17.</subfield>
            </datafield>
            <datafield tag="506" ind1=" " ind2=" ">
              <subfield code="a">AVAILABLE. This study is freely available to the general public.</subfield>
            </datafield>
            <datafield tag="530" ind1=" " ind2=" ">
              <subfield code="a">Also available as downloadable files.</subfield>
            </datafield>
            <datafield tag="522" ind1=" " ind2=" ">
              <subfield code="a">United States</subfield>
            </datafield>
            <datafield tag="520" ind1="3" ind2=" ">
              <subfield code="a">&lt;p&gt; The Consumer Expenditure Survey (CE) program consists of two surveys: the quarterly Interview survey and the annual Diary survey. Combined, these two surveys provide information on the buying habits of American consumers, including data on their expenditures, income, and consumer unit (families and single consumers) characteristics. The survey data are collected for the U.S. Bureau of Labor Statistics (BLS) by the U.S. Census Bureau. The CE collects all on all spending components including food, housing, apparel and services, transportation, entertainment, and out-of-pocket health care costs. &lt;/p&gt; &lt;p&gt; The CE features several arts-related spending categories, including the following items: &lt;/p&gt; &lt;p&gt;&lt;hi&gt;Spending on Admissions&lt;/hi&gt;&lt;/p&gt; &lt;list type="bulleted"&gt; &lt;itm&gt;Plays, theater, opera, and concerts&lt;/itm&gt; &lt;itm&gt;Movies, parks, and museums&lt;/itm&gt; &lt;/list&gt; &lt;p&gt;&lt;hi&gt;Spending on Reading&lt;/hi&gt;&lt;/p&gt; &lt;list type="bulleted"&gt; &lt;itm&gt;Newspapers and magazines&lt;/itm&gt; &lt;itm&gt;Books&lt;/itm&gt; &lt;itm&gt;Digital book readers&lt;/itm&gt; &lt;/list&gt; &lt;p&gt;&lt;hi&gt;Spending on Other Arts-Related Items&lt;/hi&gt;&lt;/p&gt; &lt;list type="bulleted"&gt; &lt;itm&gt;Musical instruments&lt;/itm&gt; &lt;itm&gt;Photographic equipment&lt;/itm&gt; &lt;itm&gt;Audio-visual equipment&lt;/itm&gt; &lt;itm&gt;Toys, games, arts and crafts&lt;/itm&gt; &lt;/list&gt; &lt;p&gt; The CE is important because it is the only Federal survey to provide information on the complete range of consumers' expenditures and incomes, as well as the characteristics of those consumers. It is used by economic policymakers examining the impact of policy changes on economic groups, by the Census Bureau as the source of thresholds for the Supplemental Poverty Measure, by businesses and academic researchers studying consumers' spending habits and trends, by other Federal agencies, and, perhaps most importantly, to regularly revise the Consumer Price Index market basket of goods and services and their relative importance. &lt;/p&gt; &lt;p&gt; The most recent data tables are for 2016, and were made available on August 29, 2017. The unpublished integrated CE data tables produced by the BLS are available to download through NADAC (click on "Other" in the Dataset(s) section). Also, see &lt;a href="http://www.bls.gov/cex/#tables_long"&gt;Featured CE Tables&lt;/a&gt; and &lt;a href="http://www.bls.gov/cex/#news"&gt;Economic News Releases&lt;/a&gt; sections on the CE home page for current data tables and news release. The &lt;a href="http://www.bls.gov/cex/#products"&gt;2016 public-use microdata&lt;/a&gt; is the most recent and was released on August 29, 2017. &lt;/p&gt;Cf: http://doi.org/10.3886/ICPSR36170.v5</subfield>
            </datafield>
            <datafield tag="505" ind1=" " ind2=" ">
              <subfield code="t">Dataset</subfield>
            </datafield>
            <datafield tag="650" ind1=" " ind2="7">
              <subfield code="a">arts attendance</subfield>
              <subfield code="2">icpsr</subfield>
            </datafield>
            <datafield tag="650" ind1=" " ind2="7">
              <subfield code="a">concerts</subfield>
              <subfield code="2">icpsr</subfield>
            </datafield>
            <datafield tag="650" ind1=" " ind2="7">
              <subfield code="a">consumer behavior</subfield>
              <subfield code="2">icpsr</subfield>
            </datafield>
            <datafield tag="650" ind1=" " ind2="7">
              <subfield code="a">consumer expenditures</subfield>
              <subfield code="2">icpsr</subfield>
            </datafield>
            <datafield tag="650" ind1=" " ind2="7">
              <subfield code="a">consumer price index</subfield>
              <subfield code="2">icpsr</subfield>
            </datafield>
            <datafield tag="650" ind1=" " ind2="7">
              <subfield code="a">consumers</subfield>
              <subfield code="2">icpsr</subfield>
            </datafield>
            <datafield tag="650" ind1=" " ind2="7">
              <subfield code="a">demographic characteristics</subfield>
              <subfield code="2">icpsr</subfield>
            </datafield>
            <datafield tag="650" ind1=" " ind2="7">
              <subfield code="a">durable goods</subfield>
              <subfield code="2">icpsr</subfield>
            </datafield>
            <datafield tag="650" ind1=" " ind2="7">
              <subfield code="a">economics</subfield>
              <subfield code="2">icpsr</subfield>
            </datafield>
            <datafield tag="650" ind1=" " ind2="7">
              <subfield code="a">entertainment</subfield>
              <subfield code="2">icpsr</subfield>
            </datafield>
            <datafield tag="650" ind1=" " ind2="7">
              <subfield code="a">food costs</subfield>
              <subfield code="2">icpsr</subfield>
            </datafield>
            <datafield tag="650" ind1=" " ind2="7">
              <subfield code="a">household income</subfield>
              <subfield code="2">icpsr</subfield>
            </datafield>
            <datafield tag="650" ind1=" " ind2="7">
              <subfield code="a">households</subfield>
              <subfield code="2">icpsr</subfield>
            </datafield>
            <datafield tag="650" ind1=" " ind2="7">
              <subfield code="a">purchasing</subfield>
              <subfield code="2">icpsr</subfield>
            </datafield>
            <datafield tag="650" ind1=" " ind2="7">
              <subfield code="a">recreation</subfield>
              <subfield code="2">icpsr</subfield>
            </datafield>
            <datafield tag="650" ind1=" " ind2="7">
              <subfield code="a">theater</subfield>
              <subfield code="2">icpsr</subfield>
            </datafield>
            <datafield tag="653" ind1="0" ind2=" ">
              <subfield code="a">ICPSR IV.A. Economic Behavior and Attitudes, Continuing Series of Consumer Surveys</subfield>
            </datafield>
            <datafield tag="653" ind1="0" ind2=" ">
              <subfield code="a">NADAC VII. Economics of Art and Culture</subfield>
            </datafield>
            <datafield tag="653" ind1="0" ind2=" ">
              <subfield code="a">NADAC I. National Archive of Data on Arts and Culture</subfield>
            </datafield>
            <datafield tag="710" ind1="2" ind2=" ">
              <subfield code="a">United States. Bureau of Labor Statistics</subfield>
            </datafield>
            <datafield tag="710" ind1="2" ind2=" ">
              <subfield code="a">Inter-university Consortium for Political and Social Research.</subfield>
            </datafield>
            <datafield tag="830" ind1=" " ind2="0">
              <subfield code="a">ICPSR (Series)</subfield>
              <subfield code="v">36170</subfield>
            </datafield>
            <datafield tag="856" ind1="4" ind2="0">
              <subfield code="z">Access restricted ; authentication may be required:</subfield>
              <subfield code="u">http://doi.org/10.3886/ICPSR36170.v5</subfield>
            </datafield>
          </record>
        </collection>
      </metadata>
    </record>