
    <record>
      <header>
        <identifier>36171</identifier>
        <datestamp>2016-07-25T01:01:01Z</datestamp>
      </header>
      <metadata>
        <collection xmlns="http://www.loc.gov/MARC21/slim" xsi:schemaLocation="http://www.loc.gov/MARC21/slim https://www.loc.gov/standards/marcxml/schema/MARC21slim.xsd">
          <record>
            <leader>cmm 22 4500</leader>
            <controlfield tag="001">ICPSR36171</controlfield>
            <controlfield tag="003">MiAaI</controlfield>
            <controlfield tag="006">m f a u</controlfield>
            <controlfield tag="007">cr mn mmmmuuuu</controlfield>
            <controlfield tag="008">190117s2016 miu f a eng d</controlfield>
            <datafield tag="035" ind1=" " ind2=" ">
              <subfield code="a">(MiAaI)ICPSR36171</subfield>
            </datafield>
            <datafield tag="040" ind1=" " ind2=" ">
              <subfield code="a">MiAaI</subfield>
              <subfield code="c">MiAaI</subfield>
            </datafield>
            <datafield tag="245" ind1="0" ind2="0">
              <subfield code="a">Home Mortgage Disclosure Act (HMDA)</subfield>
              <subfield code="h">[electronic resource]</subfield>
              <subfield code="b">Loan Application Register (LAR) and Transmittal Sheet (TS) Raw Data, 2011</subfield>
              <subfield code="c">Federal Financial Institutions Examination Council (U.S.)</subfield>
            </datafield>
            <datafield tag="250" ind1=" " ind2=" ">
              <subfield code="a">2016-07-25</subfield>
            </datafield>
            <datafield tag="260" ind1=" " ind2=" ">
              <subfield code="a">Ann Arbor, Mich.</subfield>
              <subfield code="b">Inter-university Consortium for Political and Social Research [distributor]</subfield>
              <subfield code="c">2016</subfield>
            </datafield>
            <datafield tag="490" ind1=" " ind2=" ">
              <subfield code="a">ICPSR</subfield>
              <subfield code="v">36171</subfield>
            </datafield>
            <datafield tag="490" ind1=" " ind2=" ">
              <subfield code="a">Home Mortgage Disclosure Act (HMDA) Series</subfield>
            </datafield>
            <datafield tag="516" ind1=" " ind2=" ">
              <subfield code="a">Numeric</subfield>
            </datafield>
            <datafield tag="538" ind1=" " ind2=" ">
              <subfield code="a">Mode of access: Intranet.</subfield>
            </datafield>
            <datafield tag="500" ind1=" " ind2=" ">
              <subfield code="a">Title from ICPSR DDI metadata of 2019-01-17.</subfield>
            </datafield>
            <datafield tag="506" ind1=" " ind2=" ">
              <subfield code="a">AVAILABLE. This study is freely available to ICPSR member institutions.</subfield>
            </datafield>
            <datafield tag="530" ind1=" " ind2=" ">
              <subfield code="a">Also available as downloadable files.</subfield>
            </datafield>
            <datafield tag="522" ind1=" " ind2=" ">
              <subfield code="a">United States</subfield>
            </datafield>
            <datafield tag="520" ind1="3" ind2=" ">
              <subfield code="a">The Home Mortgage Disclosure Act (HMDA): Loan Application Register (LAR) and Transmittal Sheet (TS) Raw Data, 2011 contains information collected in calendar year 2010. The HMDA, enacted by Congress in 1975, requires most mortgage lenders located in metropolitan areas to report data about their housing-related lending activity. The HMDA data were collected from 7,923 lending institutions and cover approximately 16.3 million home purchase and home improvement loans and refinancings, including loan originations, loan purchases, and applications that were denied, incomplete, or withdrawn. The Private Mortgage Insurance Companies (PMIC) data refer to applications for mortgage insurance to insure home purchase mortgages and to insure mortgages to refinance existing obligations. Part 1, HMDA Transmittal Sheet (TS), and Part 4, PMIC Transmittal Sheet (TS), include information submitted by reporting institutions with the Loan Application Register (LAR), such as the reporting institution's name, address, and Tax ID. Part 2, HMDA Reporter Panel, and Part 5, PMIC Reporter Panel, contain information on all institutions that reported data for activity year 2010. Part 3, HMDA MSA Offices, and Part 6, PMIC MSA Offices, contain information on all metropolitan statistical areas in the data. Parts 7 through 799 contain HMDA and PMIC Loan Application Register (LAR) files at the national level, at the agency level, and by MSA/MD. With some exceptions, for each transaction the institution reported data about the loan (or application), such as the type and amount of the loan made (or applied for) and, in limited circumstances, its price, the disposition of the application, such as whether it was denied or resulted in an origination of a loan, the property to which the loan relates, such as its type (single-family versus multi-family), and location (including the census tract), the sale of the loan, if it was sold, and the applicant's and co-applicant's ethnicity, race, sex, and income.Cf: http://doi.org/10.3886/ICPSR36171.v2</subfield>
            </datafield>
            <datafield tag="505" ind1=" " ind2=" ">
              <subfield code="t">HMDA Transmittal Sheet (TS)</subfield>
            </datafield>
            <datafield tag="505" ind1=" " ind2=" ">
              <subfield code="t">HMDA Reporter Panel</subfield>
            </datafield>
            <datafield tag="505" ind1=" " ind2=" ">
              <subfield code="t">HMDA MSA Offices</subfield>
            </datafield>
            <datafield tag="505" ind1=" " ind2=" ">
              <subfield code="t">PMIC Transmittal Sheet (TS)</subfield>
            </datafield>
            <datafield tag="505" ind1=" " ind2=" ">
              <subfield code="t">PMIC Reporter Panel</subfield>
            </datafield>
            <datafield tag="505" ind1=" " ind2=" ">
              <subfield code="t">PMIC MSA Offices</subfield>
            </datafield>
            <datafield tag="505" ind1=" " ind2=" ">
              <subfield code="t">HMDA Loan Application Register LAR: National File</subfield>
            </datafield>
            <datafield tag="505" ind1=" " ind2=" ">
              <subfield code="t">PMIC Loan Application Register LAR: National File</subfield>
            </datafield>
            <datafield tag="505" ind1=" " ind2=" ">
              <subfield code="t">HMDA Loan Application Register LAR: Office of the Comptroller of the Currency (OCC)</subfield>
            </datafield>
            <datafield tag="505" ind1=" " ind2=" ">
              <subfield code="t">HMDA Loan Application Register LAR: Federal Reserve System (FRS)</subfield>
            </datafield>
            <datafield tag="505" ind1=" " ind2=" ">
              <subfield code="t">HMDA Loan Application Register LAR: Federal Deposit Insurance Corporation (FDIC)</subfield>
            </datafield>
            <datafield tag="505" ind1=" " ind2=" ">
              <subfield code="t">HMDA Loan Application Register LAR: Office of Thrift Supervision (OTS)</subfield>
            </datafield>
            <datafield tag="505" ind1=" " ind2=" ">
              <subfield code="t">HMDA Loan Application Register LAR: National Credit Union Administration (NCUA)</subfield>
            </datafield>
            <datafield tag="505" ind1=" " ind2=" ">
              <subfield code="t">HMDA Loan Application Register LAR: Department of Housing and Urban Development (HUD)</subfield>
            </datafield>
            <datafield tag="505" ind1=" " ind2=" ">
              <subfield code="t">HMDA Loan Application Register LAR: MSA/MD 13740 BILLINGS, MT</subfield>
            </datafield>
            <datafield tag="505" ind1=" " ind2=" ">
              <subfield code="t">HMDA Loan Application Register LAR: MSA/MD 10180 ABILENE, TX</subfield>
            </datafield>
            <datafield tag="505" ind1=" " ind2=" ">
              <subfield code="t">HMDA Loan Application Register LAR: MSA/MD 10380 AGUADILLA-ISABELA-SAN SEBASTIAN, PR</subfield>
            </datafield>
            <datafield tag="505" ind1=" " ind2=" ">
              <subfield code="t">HMDA Loan Application Register LAR: MSA/MD 10420 AKRON, OH</subfield>
            </datafield>
            <datafield tag="505" ind1=" " ind2=" ">
              <subfield code="t">HMDA Loan Application Register LAR: MSA/MD 10500 ALBANY, GA</subfield>
            </datafield>
            <datafield tag="505" ind1=" " ind2=" ">
              <subfield code="t">HMDA Loan Application Register LAR: MSA/MD 10580 ALBANY-SCHENECTADY-TROY, NY</subfield>
            </datafield>
            <datafield tag="505" ind1=" " ind2=" ">
              <subfield code="t">HMDA Loan Application Register LAR: MSA/MD 10740 ALBUQUERQUE, NM</subfield>
            </datafield>
            <datafield tag="505" ind1=" " ind2=" ">
              <subfield code="t">HMDA Loan Application Register LAR: MSA/MD 10780 ALEXANDRIA, LA</subfield>
            </datafield>
            <datafield tag="505" ind1=" " ind2=" ">
              <subfield code="t">HMDA Loan Application Register LAR: MSA/MD 10900 ALLENTOWN-BETHLEHEM-EASTON, PA-NJ</subfield>
            </datafield>
            <datafield tag="505" ind1=" " ind2=" ">
              <subfield code="t">HMDA Loan Application Register LAR: MSA/MD 11020 ALTOONA, PA</subfield>
            </datafield>
            <datafield tag="505" ind1=" " ind2=" ">
              <subfield code="t">HMDA Loan Application Register LAR: MSA/MD 11100 AMARILLO, TX</subfield>
            </datafield>
            <datafield tag="505" ind1=" " ind2=" ">
              <subfield code="t">HMDA Loan Application Register LAR: MSA/MD 11180 AMES, IA</subfield>
            </datafield>
            <datafield tag="505" ind1=" " ind2=" ">
              <subfield code="t">HMDA Loan Application Register LAR: MSA/MD 11260 ANCHORAGE, AK</subfield>
            </datafield>
            <datafield tag="505" ind1=" " ind2=" ">
              <subfield code="t">HMDA Loan Application Register LAR: MSA/MD 11300 ANDERSON, IN</subfield>
            </datafield>
            <datafield tag="505" ind1=" " ind2=" ">
              <subfield code="t">HMDA Loan Application Register LAR: MSA/MD 11340 ANDERSON, SC</subfield>
            </datafield>
            <datafield tag="505" ind1=" " ind2=" ">
              <subfield code="t">HMDA Loan Application Register LAR: MSA/MD 11460 ANN ARBOR, MI</subfield>
            </datafield>
            <datafield tag="505" ind1=" " ind2=" ">
              <subfield code="t">HMDA Loan Application Register LAR: MSA/MD 11500 ANNISTON-OXFORD, AL</subfield>
            </datafield>
            <datafield tag="505" ind1=" " ind2=" ">
              <subfield code="t">HMDA Loan Application Register LAR: MSA/MD 11540 APPLETON, WI</subfield>
            </datafield>
            <datafield tag="505" ind1=" " ind2=" ">
              <subfield code="t">HMDA Loan Application Register LAR: MSA/MD 11700 ASHEVILLE, NC</subfield>
            </datafield>
            <datafield tag="505" ind1=" " ind2=" ">
              <subfield code="t">HMDA Loan Application Register LAR: MSA/MD 12020 ATHENS-CLARKE COUNTY, GA</subfield>
            </datafield>
            <datafield tag="505" ind1=" " ind2=" ">
              <subfield code="t">HMDA Loan Application Register LAR: MSA/MD 12060 ATLANTA-SANDY SPRINGS-MARIETTA, GA</subfield>
            </datafield>
            <datafield tag="505" ind1=" " ind2=" ">
              <subfield code="t">HMDA Loan Application Register LAR: MSA/MD 12100 ATLANTIC CITY-HAMMONTON, NJ</subfield>
            </datafield>
            <datafield tag="505" ind1=" " ind2=" ">
              <subfield code="t">HMDA Loan Application Register LAR: MSA/MD 12220 AUBURN-OPELIKA, AL</subfield>
            </datafield>
            <datafield tag="505" ind1=" " ind2=" ">
              <subfield code="t">HMDA Loan Application Register LAR: MSA/MD 12260 AUGUSTA-RICHMOND COUNTY, GA-SC</subfield>
            </datafield>
            <datafield tag="505" ind1=" " ind2=" ">
              <subfield code="t">HMDA Loan Application Register LAR: MSA/MD 12420 AUSTIN-ROUND ROCK-SAN MARCOS, TX</subfield>
            </datafield>
            <datafield tag="505" ind1=" " ind2=" ">
              <subfield code="t">HMDA Loan Application Register LAR: MSA/MD 12540 BAKERSFIELD-DELANO, CA</subfield>
            </datafield>
            <datafield tag="505" ind1=" " ind2=" ">
              <subfield code="t">HMDA Loan Application Register LAR: MSA/MD 12580 BALTIMORE-TOWSON, MD</subfield>
            </datafield>
            <datafield tag="505" ind1=" " ind2=" ">
              <subfield code="t">HMDA Loan Application Register LAR: MSA/MD 12620 BANGOR, ME</subfield>
            </datafield>
            <datafield tag="505" ind1=" " ind2=" ">
              <subfield code="t">HMDA Loan Application Register LAR: MSA/MD 12700 BARNSTABLE TOWN, MA</subfield>
            </datafield>
            <datafield tag="505" ind1=" " ind2=" ">
              <subfield code="t">HMDA Loan Application Register LAR: MSA/MD 12940 BATON ROUGE, LA</subfield>
            </datafield>
            <datafield tag="505" ind1=" " ind2=" ">
              <subfield code="t">HMDA Loan Application Register LAR: MSA/MD 12980 BATTLE CREEK, MI</subfield>
            </datafield>
            <datafield tag="505" ind1=" " ind2=" ">
              <subfield code="t">HMDA Loan Application Register LAR: MSA/MD 13020 BAY CITY, MI</subfield>
            </datafield>
            <datafield tag="505" ind1=" " ind2=" ">
              <subfield code="t">HMDA Loan Application Register LAR: MSA/MD 13140 BEAUMONT-PORT ARTHUR, TX</subfield>
            </datafield>
            <datafield tag="505" ind1=" " ind2=" ">
              <subfield code="t">HMDA Loan Application Register LAR: MSA/MD 13380 BELLINGHAM, WA</subfield>
            </datafield>
            <datafield tag="505" ind1=" " ind2=" ">
              <subfield code="t">HMDA Loan Application Register LAR: MSA/MD 13460 BEND, OR</subfield>
            </datafield>
            <datafield tag="505" ind1=" " ind2=" ">
              <subfield code="t">HMDA Loan Application Register LAR: MSA/MD 13644 BETHESDA-ROCKVILLE-FREDERICK, MD</subfield>
            </datafield>
            <datafield tag="505" ind1=" " ind2=" ">
              <subfield code="t">HMDA Loan Application Register LAR: MSA/MD 13780 BINGHAMTON, NY</subfield>
            </datafield>
            <datafield tag="505" ind1=" " ind2=" ">
              <subfield code="t">HMDA Loan Application Register LAR: MSA/MD 13820 BIRMINGHAM-HOOVER, AL</subfield>
            </datafield>
            <datafield tag="505" ind1=" " ind2=" ">
              <subfield code="t">HMDA Loan Application Register LAR: MSA/MD 13900 BISMARCK, ND</subfield>
            </datafield>
            <datafield tag="505" ind1=" " ind2=" ">
              <subfield code="t">HMDA Loan Application Register LAR: MSA/MD 13980 BLACKSBURG-CHRISTIANSBURG-RADFORD, VA</subfield>
            </datafield>
            <datafield tag="505" ind1=" " ind2=" ">
              <subfield code="t">HMDA Loan Application Register LAR: MSA/MD 14020 BLOOMINGTON, IN</subfield>
            </datafield>
            <datafield tag="505" ind1=" " ind2=" ">
              <subfield code="t">HMDA Loan Application Register LAR: MSA/MD 14060 BLOOMINGTON-NORMAL, IL</subfield>
            </datafield>
            <datafield tag="505" ind1=" " ind2=" ">
              <subfield code="t">HMDA Loan Application Register LAR: MSA/MD 14260 BOISE CITY-NAMPA, ID</subfield>
            </datafield>
            <datafield tag="505" ind1=" " ind2=" ">
              <subfield code="t">HMDA Loan Application Register LAR: MSA/MD 14484 BOSTON-QUINCY, MA</subfield>
            </datafield>
            <datafield tag="505" ind1=" " ind2=" ">
              <subfield code="t">HMDA Loan Application Register LAR: MSA/MD 14500 BOULDER, CO</subfield>
            </datafield>
            <datafield tag="505" ind1=" " ind2=" ">
              <subfield code="t">HMDA Loan Application Register LAR: MSA/MD 14540 BOWLING GREEN, KY</subfield>
            </datafield>
            <datafield tag="505" ind1=" " ind2=" ">
              <subfield code="t">HMDA Loan Application Register LAR: MSA/MD 14740 BREMERTON-SILVERDALE, WA</subfield>
            </datafield>
            <datafield tag="505" ind1=" " ind2=" ">
              <subfield code="t">HMDA Loan Application Register LAR: MSA/MD 14860 BRIDGEPORT-STAMFORD-NORWALK, CT</subfield>
            </datafield>
            <datafield tag="505" ind1=" " ind2=" ">
              <subfield code="t">HMDA Loan Application Register LAR: MSA/MD 15180 BROWNSVILLE-HARLINGEN, TX</subfield>
            </datafield>
            <datafield tag="505" ind1=" " ind2=" ">
              <subfield code="t">HMDA Loan Application Register LAR: MSA/MD 15260 BRUNSWICK, GA</subfield>
            </datafield>
            <datafield tag="505" ind1=" " ind2=" ">
              <subfield code="t">HMDA Loan Application Register LAR: MSA/MD 15380 BUFFALO-NIAGARA FALLS, NY</subfield>
            </datafield>
            <datafield tag="505" ind1=" " ind2=" ">
              <subfield code="t">HMDA Loan Application Register LAR: MSA/MD 15500 BURLINGTON, NC</subfield>
            </datafield>
            <datafield tag="505" ind1=" " ind2=" ">
              <subfield code="t">HMDA Loan Application Register LAR: MSA/MD 15540 BURLINGTON-SOUTH BURLINGTON, VT</subfield>
            </datafield>
            <datafield tag="505" ind1=" " ind2=" ">
              <subfield code="t">HMDA Loan Application Register LAR: MSA/MD 15764 CAMBRIDGE-NEWTON-FRAMINGHAM, MA</subfield>
            </datafield>
            <datafield tag="505" ind1=" " ind2=" ">
              <subfield code="t">HMDA Loan Application Register LAR: MSA/MD 15804 CAMDEN, NJ</subfield>
            </datafield>
            <datafield tag="505" ind1=" " ind2=" ">
              <subfield code="t">HMDA Loan Application Register LAR: MSA/MD 15940 CANTON-MASSILLON, OH</subfield>
            </datafield>
            <datafield tag="505" ind1=" " ind2=" ">
              <subfield code="t">HMDA Loan Application Register LAR: MSA/MD 15980 CAPE CORAL-FORT MYERS, FL</subfield>
            </datafield>
            <datafield tag="505" ind1=" " ind2=" ">
              <subfield code="t">HMDA Loan Application Register LAR: MSA/MD 16020 CAPE GIRARDEAU-JACKSON, MO-IL</subfield>
            </datafield>
            <datafield tag="505" ind1=" " ind2=" ">
              <subfield code="t">HMDA Loan Application Register LAR: MSA/MD 16180 CARSON CITY, NV</subfield>
            </datafield>
            <datafield tag="505" ind1=" " ind2=" ">
              <subfield code="t">HMDA Loan Application Register LAR: MSA/MD 16220 CASPER, WY</subfield>
            </datafield>
            <datafield tag="505" ind1=" " ind2=" ">
              <subfield code="t">HMDA Loan Application Register LAR: MSA/MD 16300 CEDAR RAPIDS, IA</subfield>
            </datafield>
            <datafield tag="505" ind1=" " ind2=" ">
              <subfield code="t">HMDA Loan Application Register LAR: MSA/MD 16580 CHAMPAIGN-URBANA, IL</subfield>
            </datafield>
            <datafield tag="505" ind1=" " ind2=" ">
              <subfield code="t">HMDA Loan Application Register LAR: MSA/MD 16620 CHARLESTON, WV</subfield>
            </datafield>
            <datafield tag="505" ind1=" " ind2=" ">
              <subfield code="t">HMDA Loan Application Register LAR: MSA/MD 16700 CHARLESTON-NORTH CHARLESTON-SUMMERVILLE, SC</subfield>
            </datafield>
            <datafield tag="505" ind1=" " ind2=" ">
              <subfield code="t">HMDA Loan Application Register LAR: MSA/MD 16740 CHARLOTTE-GASTONIA-ROCK HILL, NC-SC</subfield>
            </datafield>
            <datafield tag="505" ind1=" " ind2=" ">
              <subfield code="t">HMDA Loan Application Register LAR: MSA/MD 16820 CHARLOTTESVILLE, VA</subfield>
            </datafield>
            <datafield tag="505" ind1=" " ind2=" ">
              <subfield code="t">HMDA Loan Application Register LAR: MSA/MD 16860 CHATTANOOGA, TN-GA</subfield>
            </datafield>
            <datafield tag="505" ind1=" " ind2=" ">
              <subfield code="t">HMDA Loan Application Register LAR: MSA/MD 16940 CHEYENNE, WY</subfield>
            </datafield>
            <datafield tag="505" ind1=" " ind2=" ">
              <subfield code="t">HMDA Loan Application Register LAR: MSA/MD 16974 CHICAGO-JOLIET-NAPERVILLE, IL</subfield>
            </datafield>
            <datafield tag="505" ind1=" " ind2=" ">
              <subfield code="t">HMDA Loan Application Register LAR: MSA/MD 17020 CHICO, CA</subfield>
            </datafield>
            <datafield tag="505" ind1=" " ind2=" ">
              <subfield code="t">HMDA Loan Application Register LAR: MSA/MD 17140 CINCINNATI-MIDDLETOWN, OH-KY-IN</subfield>
            </datafield>
            <datafield tag="505" ind1=" " ind2=" ">
              <subfield code="t">HMDA Loan Application Register LAR: MSA/MD 17300 CLARKSVILLE, TN-KY</subfield>
            </datafield>
            <datafield tag="505" ind1=" " ind2=" ">
              <subfield code="t">HMDA Loan Application Register LAR: MSA/MD 17420 CLEVELAND, TN</subfield>
            </datafield>
            <datafield tag="505" ind1=" " ind2=" ">
              <subfield code="t">HMDA Loan Application Register LAR: MSA/MD 17460 CLEVELAND-ELYRIA-MENTOR, OH</subfield>
            </datafield>
            <datafield tag="505" ind1=" " ind2=" ">
              <subfield code="t">HMDA Loan Application Register LAR: MSA/MD 17660 COEUR D'ALENE, ID</subfield>
            </datafield>
            <datafield tag="505" ind1=" " ind2=" ">
              <subfield code="t">HMDA Loan Application Register LAR: MSA/MD 17780 COLLEGE STATION-BRYAN, TX</subfield>
            </datafield>
            <datafield tag="505" ind1=" " ind2=" ">
              <subfield code="t">HMDA Loan Application Register LAR: MSA/MD 17820 COLORADO SPRINGS, CO</subfield>
            </datafield>
            <datafield tag="505" ind1=" " ind2=" ">
              <subfield code="t">HMDA Loan Application Register LAR: MSA/MD 17860 COLUMBIA, MO</subfield>
            </datafield>
            <datafield tag="505" ind1=" " ind2=" ">
              <subfield code="t">HMDA Loan Application Register LAR: MSA/MD 17900 COLUMBIA, SC</subfield>
            </datafield>
            <datafield tag="505" ind1=" " ind2=" ">
              <subfield code="t">HMDA Loan Application Register LAR: MSA/MD 17980 COLUMBUS, GA-AL</subfield>
            </datafield>
            <datafield tag="505" ind1=" " ind2=" ">
              <subfield code="t">HMDA Loan Application Register LAR: MSA/MD 18020 COLUMBUS, IN</subfield>
            </datafield>
            <datafield tag="505" ind1=" " ind2=" ">
              <subfield code="t">HMDA Loan Application Register LAR: MSA/MD 18140 COLUMBUS, OH</subfield>
            </datafield>
            <datafield tag="505" ind1=" " ind2=" ">
              <subfield code="t">HMDA Loan Application Register LAR: MSA/MD 18580 CORPUS CHRISTI, TX</subfield>
            </datafield>
            <datafield tag="505" ind1=" " ind2=" ">
              <subfield code="t">HMDA Loan Application Register LAR: MSA/MD 18700 CORVALLIS, OR</subfield>
            </datafield>
            <datafield tag="505" ind1=" " ind2=" ">
              <subfield code="t">HMDA Loan Application Register LAR: MSA/MD 18880 CRESTVIEW-FORT WALTON BEACH-DESTIN, FL</subfield>
            </datafield>
            <datafield tag="505" ind1=" " ind2=" ">
              <subfield code="t">HMDA Loan Application Register LAR: MSA/MD 19060 CUMBERLAND, MD-WV</subfield>
            </datafield>
            <datafield tag="505" ind1=" " ind2=" ">
              <subfield code="t">HMDA Loan Application Register LAR: MSA/MD 19124 DALLAS-PLANO-IRVING, TX</subfield>
            </datafield>
            <datafield tag="505" ind1=" " ind2=" ">
              <subfield code="t">HMDA Loan Application Register LAR: MSA/MD 19140 DALTON, GA</subfield>
            </datafield>
            <datafield tag="505" ind1=" " ind2=" ">
              <subfield code="t">HMDA Loan Application Register LAR: MSA/MD 19180 DANVILLE, IL</subfield>
            </datafield>
            <datafield tag="505" ind1=" " ind2=" ">
              <subfield code="t">HMDA Loan Application Register LAR: MSA/MD 19260 DANVILLE, VA</subfield>
            </datafield>
            <datafield tag="505" ind1=" " ind2=" ">
              <subfield code="t">HMDA Loan Application Register LAR: MSA/MD 19340 DAVENPORT-MOLINE-ROCK ISLAND, IA-IL</subfield>
            </datafield>
            <datafield tag="505" ind1=" " ind2=" ">
              <subfield code="t">HMDA Loan Application Register LAR: MSA/MD 19380 DAYTON, OH</subfield>
            </datafield>
            <datafield tag="505" ind1=" " ind2=" ">
              <subfield code="t">HMDA Loan Application Register LAR: MSA/MD 19460 DECATUR, AL</subfield>
            </datafield>
            <datafield tag="505" ind1=" " ind2=" ">
              <subfield code="t">HMDA Loan Application Register LAR: MSA/MD 19500 DECATUR, IL</subfield>
            </datafield>
            <datafield tag="505" ind1=" " ind2=" ">
              <subfield code="t">HMDA Loan Application Register LAR: MSA/MD 19660 DELTONA-DAYTONA BEACH-ORMOND BEACH, FL</subfield>
            </datafield>
            <datafield tag="505" ind1=" " ind2=" ">
              <subfield code="t">HMDA Loan Application Register LAR: MSA/MD 19740 DENVER-AURORA-BROOMFIELD, CO</subfield>
            </datafield>
            <datafield tag="505" ind1=" " ind2=" ">
              <subfield code="t">HMDA Loan Application Register LAR: MSA/MD 19780 DES MOINES-WEST DES MOINES, IA</subfield>
            </datafield>
            <datafield tag="505" ind1=" " ind2=" ">
              <subfield code="t">HMDA Loan Application Register LAR: MSA/MD 19804 DETROIT-LIVONIA-DEARBORN, MI</subfield>
            </datafield>
            <datafield tag="505" ind1=" " ind2=" ">
              <subfield code="t">HMDA Loan Application Register LAR: MSA/MD 20020 DOTHAN, AL</subfield>
            </datafield>
            <datafield tag="505" ind1=" " ind2=" ">
              <subfield code="t">HMDA Loan Application Register LAR: MSA/MD 20100 DOVER, DE</subfield>
            </datafield>
            <datafield tag="505" ind1=" " ind2=" ">
              <subfield code="t">HMDA Loan Application Register LAR: MSA/MD 20220 DUBUQUE, IA</subfield>
            </datafield>
            <datafield tag="505" ind1=" " ind2=" ">
              <subfield code="t">HMDA Loan Application Register LAR: MSA/MD 20260 DULUTH, MN-WI</subfield>
            </datafield>
            <datafield tag="505" ind1=" " ind2=" ">
              <subfield code="t">HMDA Loan Application Register LAR: MSA/MD 20500 DURHAM-CHAPEL HILL, NC</subfield>
            </datafield>
            <datafield tag="505" ind1=" " ind2=" ">
              <subfield code="t">HMDA Loan Application Register LAR: MSA/MD 20740 EAU CLAIRE, WI</subfield>
            </datafield>
            <datafield tag="505" ind1=" " ind2=" ">
              <subfield code="t">HMDA Loan Application Register LAR: MSA/MD 20764 EDISON-NEW BRUNSWICK, NJ</subfield>
            </datafield>
            <datafield tag="505" ind1=" " ind2=" ">
              <subfield code="t">HMDA Loan Application Register LAR: MSA/MD 20940 EL CENTRO, CA</subfield>
            </datafield>
            <datafield tag="505" ind1=" " ind2=" ">
              <subfield code="t">HMDA Loan Application Register LAR: MSA/MD 21060 ELIZABETHTOWN, KY</subfield>
            </datafield>
            <datafield tag="505" ind1=" " ind2=" ">
              <subfield code="t">HMDA Loan Application Register LAR: MSA/MD 21140 ELKHART-GOSHEN, IN</subfield>
            </datafield>
            <datafield tag="505" ind1=" " ind2=" ">
              <subfield code="t">HMDA Loan Application Register LAR: MSA/MD 21300 ELMIRA, NY</subfield>
            </datafield>
            <datafield tag="505" ind1=" " ind2=" ">
              <subfield code="t">HMDA Loan Application Register LAR: MSA/MD 21340 EL PASO, TX</subfield>
            </datafield>
            <datafield tag="505" ind1=" " ind2=" ">
              <subfield code="t">HMDA Loan Application Register LAR: MSA/MD 21500 ERIE, PA</subfield>
            </datafield>
            <datafield tag="505" ind1=" " ind2=" ">
              <subfield code="t">HMDA Loan Application Register LAR: MSA/MD 21660 EUGENE-SPRINGFIELD, OR</subfield>
            </datafield>
            <datafield tag="505" ind1=" " ind2=" ">
              <subfield code="t">HMDA Loan Application Register LAR: MSA/MD 21780 EVANSVILLE, IN-KY</subfield>
            </datafield>
            <datafield tag="505" ind1=" " ind2=" ">
              <subfield code="t">HMDA Loan Application Register LAR: MSA/MD 21820 FAIRBANKS, AK</subfield>
            </datafield>
            <datafield tag="505" ind1=" " ind2=" ">
              <subfield code="t">HMDA Loan Application Register LAR: MSA/MD 21940 FAJARDO, PR</subfield>
            </datafield>
            <datafield tag="505" ind1=" " ind2=" ">
              <subfield code="t">HMDA Loan Application Register LAR: MSA/MD 22020 FARGO, ND-MN</subfield>
            </datafield>
            <datafield tag="505" ind1=" " ind2=" ">
              <subfield code="t">HMDA Loan Application Register LAR: MSA/MD 22140 FARMINGTON, NM</subfield>
            </datafield>
            <datafield tag="505" ind1=" " ind2=" ">
              <subfield code="t">HMDA Loan Application Register LAR: MSA/MD 22180 FAYETTEVILLE, NC</subfield>
            </datafield>
            <datafield tag="505" ind1=" " ind2=" ">
              <subfield code="t">HMDA Loan Application Register LAR: MSA/MD 22220 FAYETTEVILLE-SPRINGDALE-ROGERS, AR-MO</subfield>
            </datafield>
            <datafield tag="505" ind1=" " ind2=" ">
              <subfield code="t">HMDA Loan Application Register LAR: MSA/MD 22380 FLAGSTAFF, AZ</subfield>
            </datafield>
            <datafield tag="505" ind1=" " ind2=" ">
              <subfield code="t">HMDA Loan Application Register LAR: MSA/MD 22420 FLINT, MI</subfield>
            </datafield>
            <datafield tag="505" ind1=" " ind2=" ">
              <subfield code="t">HMDA Loan Application Register LAR: MSA/MD 22500 FLORENCE, SC</subfield>
            </datafield>
            <datafield tag="505" ind1=" " ind2=" ">
              <subfield code="t">HMDA Loan Application Register LAR: MSA/MD 22520 FLORENCE-MUSCLE SHOALS, AL</subfield>
            </datafield>
            <datafield tag="505" ind1=" " ind2=" ">
              <subfield code="t">HMDA Loan Application Register LAR: MSA/MD 22540 FOND DU LAC, WI</subfield>
            </datafield>
            <datafield tag="505" ind1=" " ind2=" ">
              <subfield code="t">HMDA Loan Application Register LAR: MSA/MD 22660 FORT COLLINS-LOVELAND, CO</subfield>
            </datafield>
            <datafield tag="505" ind1=" " ind2=" ">
              <subfield code="t">HMDA Loan Application Register LAR: MSA/MD 22744 FORT LAUDERDALE-POMPANO BEACH-DEERFIELD BEACH, FL</subfield>
            </datafield>
            <datafield tag="505" ind1=" " ind2=" ">
              <subfield code="t">HMDA Loan Application Register LAR: MSA/MD 22900 FORT SMITH, AR-OK</subfield>
            </datafield>
            <datafield tag="505" ind1=" " ind2=" ">
              <subfield code="t">HMDA Loan Application Register LAR: MSA/MD 23060 FORT WAYNE, IN</subfield>
            </datafield>
            <datafield tag="505" ind1=" " ind2=" ">
              <subfield code="t">HMDA Loan Application Register LAR: MSA/MD 23104 FORT WORTH-ARLINGTON, TX</subfield>
            </datafield>
            <datafield tag="505" ind1=" " ind2=" ">
              <subfield code="t">HMDA Loan Application Register LAR: MSA/MD 23420 FRESNO, CA</subfield>
            </datafield>
            <datafield tag="505" ind1=" " ind2=" ">
              <subfield code="t">HMDA Loan Application Register LAR: MSA/MD 23460 GADSDEN, AL</subfield>
            </datafield>
            <datafield tag="505" ind1=" " ind2=" ">
              <subfield code="t">HMDA Loan Application Register LAR: MSA/MD 23540 GAINESVILLE, FL</subfield>
            </datafield>
            <datafield tag="505" ind1=" " ind2=" ">
              <subfield code="t">HMDA Loan Application Register LAR: MSA/MD 23580 GAINESVILLE, GA</subfield>
            </datafield>
            <datafield tag="505" ind1=" " ind2=" ">
              <subfield code="t">HMDA Loan Application Register LAR: MSA/MD 23844 GARY, IN</subfield>
            </datafield>
            <datafield tag="505" ind1=" " ind2=" ">
              <subfield code="t">HMDA Loan Application Register LAR: MSA/MD 24020 GLENS FALLS, NY</subfield>
            </datafield>
            <datafield tag="505" ind1=" " ind2=" ">
              <subfield code="t">HMDA Loan Application Register LAR: MSA/MD 24140 GOLDSBORO, NC</subfield>
            </datafield>
            <datafield tag="505" ind1=" " ind2=" ">
              <subfield code="t">HMDA Loan Application Register LAR: MSA/MD 24220 GRAND FORKS, ND-MN</subfield>
            </datafield>
            <datafield tag="505" ind1=" " ind2=" ">
              <subfield code="t">HMDA Loan Application Register LAR: MSA/MD 24300 GRAND JUNCTION, CO</subfield>
            </datafield>
            <datafield tag="505" ind1=" " ind2=" ">
              <subfield code="t">HMDA Loan Application Register LAR: MSA/MD 24340 GRAND RAPIDS-WYOMING, MI</subfield>
            </datafield>
            <datafield tag="505" ind1=" " ind2=" ">
              <subfield code="t">HMDA Loan Application Register LAR: MSA/MD 24500 GREAT FALLS, MT</subfield>
            </datafield>
            <datafield tag="505" ind1=" " ind2=" ">
              <subfield code="t">HMDA Loan Application Register LAR: MSA/MD 24540 GREELEY, CO</subfield>
            </datafield>
            <datafield tag="505" ind1=" " ind2=" ">
              <subfield code="t">HMDA Loan Application Register LAR: MSA/MD 24580 GREEN BAY, WI</subfield>
            </datafield>
            <datafield tag="505" ind1=" " ind2=" ">
              <subfield code="t">HMDA Loan Application Register LAR: MSA/MD 24660 GREENSBORO-HIGH POINT, NC</subfield>
            </datafield>
            <datafield tag="505" ind1=" " ind2=" ">
              <subfield code="t">HMDA Loan Application Register LAR: MSA/MD 24780 GREENVILLE, NC</subfield>
            </datafield>
            <datafield tag="505" ind1=" " ind2=" ">
              <subfield code="t">HMDA Loan Application Register LAR: MSA/MD 24860 GREENVILLE-MAULDIN-EASLEY, SC</subfield>
            </datafield>
            <datafield tag="505" ind1=" " ind2=" ">
              <subfield code="t">HMDA Loan Application Register LAR: MSA/MD 25020 GUAYAMA, PR</subfield>
            </datafield>
            <datafield tag="505" ind1=" " ind2=" ">
              <subfield code="t">HMDA Loan Application Register LAR: MSA/MD 25060 GULFPORT-BILOXI, MS</subfield>
            </datafield>
            <datafield tag="505" ind1=" " ind2=" ">
              <subfield code="t">HMDA Loan Application Register LAR: MSA/MD 25180 HAGERSTOWN-MARTINSBURG, MD-WV</subfield>
            </datafield>
            <datafield tag="505" ind1=" " ind2=" ">
              <subfield code="t">HMDA Loan Application Register LAR: MSA/MD 25260 HANFORD-CORCORAN, CA</subfield>
            </datafield>
            <datafield tag="505" ind1=" " ind2=" ">
              <subfield code="t">HMDA Loan Application Register LAR: MSA/MD 25420 HARRISBURG-CARLISLE, PA</subfield>
            </datafield>
            <datafield tag="505" ind1=" " ind2=" ">
              <subfield code="t">HMDA Loan Application Register LAR: MSA/MD 25500 HARRISONBURG, VA</subfield>
            </datafield>
            <datafield tag="505" ind1=" " ind2=" ">
              <subfield code="t">HMDA Loan Application Register LAR: MSA/MD 25540 HARTFORD-WEST HARTFORD-EAST HARTFORD, CT</subfield>
            </datafield>
            <datafield tag="505" ind1=" " ind2=" ">
              <subfield code="t">HMDA Loan Application Register LAR: MSA/MD 25620 HATTIESBURG, MS</subfield>
            </datafield>
            <datafield tag="505" ind1=" " ind2=" ">
              <subfield code="t">HMDA Loan Application Register LAR: MSA/MD 25860 HICKORY-LENOIR-MORGANTON, NC</subfield>
            </datafield>
            <datafield tag="505" ind1=" " ind2=" ">
              <subfield code="t">HMDA Loan Application Register LAR: MSA/MD 25980 HINESVILLE-FORT STEWART, GA</subfield>
            </datafield>
            <datafield tag="505" ind1=" " ind2=" ">
              <subfield code="t">HMDA Loan Application Register LAR: MSA/MD 26100 HOLLAND-GRAND HAVEN, MI</subfield>
            </datafield>
            <datafield tag="505" ind1=" " ind2=" ">
              <subfield code="t">HMDA Loan Application Register LAR: MSA/MD 26180 HONOLULU, HI</subfield>
            </datafield>
            <datafield tag="505" ind1=" " ind2=" ">
              <subfield code="t">HMDA Loan Application Register LAR: MSA/MD 26300 HOT SPRINGS, AR</subfield>
            </datafield>
            <datafield tag="505" ind1=" " ind2=" ">
              <subfield code="t">HMDA Loan Application Register LAR: MSA/MD 26380 HOUMA-BAYOU CANE-THIBODAUX, LA</subfield>
            </datafield>
            <datafield tag="505" ind1=" " ind2=" ">
              <subfield code="t">HMDA Loan Application Register LAR: MSA/MD 26420 HOUSTON-SUGAR LAND-BAYTOWN, TX</subfield>
            </datafield>
            <datafield tag="505" ind1=" " ind2=" ">
              <subfield code="t">HMDA Loan Application Register LAR: MSA/MD 26580 HUNTINGTON-ASHLAND, WV-KY-OH</subfield>
            </datafield>
            <datafield tag="505" ind1=" " ind2=" ">
              <subfield code="t">HMDA Loan Application Register LAR: MSA/MD 26620 HUNTSVILLE, AL</subfield>
            </datafield>
            <datafield tag="505" ind1=" " ind2=" ">
              <subfield code="t">HMDA Loan Application Register LAR: MSA/MD 26820 IDAHO FALLS, ID</subfield>
            </datafield>
            <datafield tag="505" ind1=" " ind2=" ">
              <subfield code="t">HMDA Loan Application Register LAR: MSA/MD 26900 INDIANAPOLIS-CARMEL, IN</subfield>
            </datafield>
            <datafield tag="505" ind1=" " ind2=" ">
              <subfield code="t">HMDA Loan Application Register LAR: MSA/MD 26980 IOWA CITY, IA</subfield>
            </datafield>
            <datafield tag="505" ind1=" " ind2=" ">
              <subfield code="t">HMDA Loan Application Register LAR: MSA/MD 27060 ITHACA, NY</subfield>
            </datafield>
            <datafield tag="505" ind1=" " ind2=" ">
              <subfield code="t">HMDA Loan Application Register LAR: MSA/MD 27100 JACKSON, MI</subfield>
            </datafield>
            <datafield tag="505" ind1=" " ind2=" ">
              <subfield code="t">HMDA Loan Application Register LAR: MSA/MD 27140 JACKSON, MS</subfield>
            </datafield>
            <datafield tag="505" ind1=" " ind2=" ">
              <subfield code="t">HMDA Loan Application Register LAR: MSA/MD 27180 JACKSON, TN</subfield>
            </datafield>
            <datafield tag="505" ind1=" " ind2=" ">
              <subfield code="t">HMDA Loan Application Register LAR: MSA/MD 27260 JACKSONVILLE, FL</subfield>
            </datafield>
            <datafield tag="505" ind1=" " ind2=" ">
              <subfield code="t">HMDA Loan Application Register LAR: MSA/MD 27340 JACKSONVILLE, NC</subfield>
            </datafield>
            <datafield tag="505" ind1=" " ind2=" ">
              <subfield code="t">HMDA Loan Application Register LAR: MSA/MD 27500 JANESVILLE, WI</subfield>
            </datafield>
            <datafield tag="505" ind1=" " ind2=" ">
              <subfield code="t">HMDA Loan Application Register LAR: MSA/MD 27620 JEFFERSON CITY, MO</subfield>
            </datafield>
            <datafield tag="505" ind1=" " ind2=" ">
              <subfield code="t">HMDA Loan Application Register LAR: MSA/MD 27740 JOHNSON CITY, TN</subfield>
            </datafield>
            <datafield tag="505" ind1=" " ind2=" ">
              <subfield code="t">HMDA Loan Application Register LAR: MSA/MD 27780 JOHNSTOWN, PA</subfield>
            </datafield>
            <datafield tag="505" ind1=" " ind2=" ">
              <subfield code="t">HMDA Loan Application Register LAR: MSA/MD 27860 JONESBORO, AR</subfield>
            </datafield>
            <datafield tag="505" ind1=" " ind2=" ">
              <subfield code="t">HMDA Loan Application Register LAR: MSA/MD 27900 JOPLIN, MO</subfield>
            </datafield>
            <datafield tag="505" ind1=" " ind2=" ">
              <subfield code="t">HMDA Loan Application Register LAR: MSA/MD 28020 KALAMAZOO-PORTAGE, MI</subfield>
            </datafield>
            <datafield tag="505" ind1=" " ind2=" ">
              <subfield code="t">HMDA Loan Application Register LAR: MSA/MD 28100 KANKAKEE-BRADLEY, IL</subfield>
            </datafield>
            <datafield tag="505" ind1=" " ind2=" ">
              <subfield code="t">HMDA Loan Application Register LAR: MSA/MD 28140 KANSAS CITY, MO-KS</subfield>
            </datafield>
            <datafield tag="505" ind1=" " ind2=" ">
              <subfield code="t">HMDA Loan Application Register LAR: MSA/MD 28420 KENNEWICK-PASCO-RICHLAND, WA</subfield>
            </datafield>
            <datafield tag="505" ind1=" " ind2=" ">
              <subfield code="t">HMDA Loan Application Register LAR: MSA/MD 28660 KILLEEN-TEMPLE-FORT HOOD, TX</subfield>
            </datafield>
            <datafield tag="505" ind1=" " ind2=" ">
              <subfield code="t">HMDA Loan Application Register LAR: MSA/MD 28700 KINGSPORT-BRISTOL-BRISTOL, TN-VA</subfield>
            </datafield>
            <datafield tag="505" ind1=" " ind2=" ">
              <subfield code="t">HMDA Loan Application Register LAR: MSA/MD 28740 KINGSTON, NY</subfield>
            </datafield>
            <datafield tag="505" ind1=" " ind2=" ">
              <subfield code="t">HMDA Loan Application Register LAR: MSA/MD 28940 KNOXVILLE, TN</subfield>
            </datafield>
            <datafield tag="505" ind1=" " ind2=" ">
              <subfield code="t">HMDA Loan Application Register LAR: MSA/MD 29020 KOKOMO, IN</subfield>
            </datafield>
            <datafield tag="505" ind1=" " ind2=" ">
              <subfield code="t">HMDA Loan Application Register LAR: MSA/MD 29100 LA CROSSE, WI-MN</subfield>
            </datafield>
            <datafield tag="505" ind1=" " ind2=" ">
              <subfield code="t">HMDA Loan Application Register LAR: MSA/MD 29140 LAFAYETTE, IN</subfield>
            </datafield>
            <datafield tag="505" ind1=" " ind2=" ">
              <subfield code="t">HMDA Loan Application Register LAR: MSA/MD 29180 LAFAYETTE, LA</subfield>
            </datafield>
            <datafield tag="505" ind1=" " ind2=" ">
              <subfield code="t">HMDA Loan Application Register LAR: MSA/MD 29340 LAKE CHARLES, LA</subfield>
            </datafield>
            <datafield tag="505" ind1=" " ind2=" ">
              <subfield code="t">HMDA Loan Application Register LAR: MSA/MD 29404 LAKE COUNTY-KENOSHA COUNTY, IL-WI</subfield>
            </datafield>
            <datafield tag="505" ind1=" " ind2=" ">
              <subfield code="t">HMDA Loan Application Register LAR: MSA/MD 29420 LAKE HAVASU CITY-KINGMAN, AZ</subfield>
            </datafield>
            <datafield tag="505" ind1=" " ind2=" ">
              <subfield code="t">HMDA Loan Application Register LAR: MSA/MD 29460 LAKELAND-WINTER HAVEN, FL</subfield>
            </datafield>
            <datafield tag="505" ind1=" " ind2=" ">
              <subfield code="t">HMDA Loan Application Register LAR: MSA/MD 29540 LANCASTER, PA</subfield>
            </datafield>
            <datafield tag="505" ind1=" " ind2=" ">
              <subfield code="t">HMDA Loan Application Register LAR: MSA/MD 29620 LANSING-EAST LANSING, MI</subfield>
            </datafield>
            <datafield tag="505" ind1=" " ind2=" ">
              <subfield code="t">HMDA Loan Application Register LAR: MSA/MD 29700 LAREDO, TX</subfield>
            </datafield>
            <datafield tag="505" ind1=" " ind2=" ">
              <subfield code="t">HMDA Loan Application Register LAR: MSA/MD 29740 LAS CRUCES, NM</subfield>
            </datafield>
            <datafield tag="505" ind1=" " ind2=" ">
              <subfield code="t">HMDA Loan Application Register LAR: MSA/MD 29820 LAS VEGAS-PARADISE, NV</subfield>
            </datafield>
            <datafield tag="505" ind1=" " ind2=" ">
              <subfield code="t">HMDA Loan Application Register LAR: MSA/MD 29940 LAWRENCE, KS</subfield>
            </datafield>
            <datafield tag="505" ind1=" " ind2=" ">
              <subfield code="t">HMDA Loan Application Register LAR: MSA/MD 30020 LAWTON, OK</subfield>
            </datafield>
            <datafield tag="505" ind1=" " ind2=" ">
              <subfield code="t">HMDA Loan Application Register LAR: MSA/MD 30140 LEBANON, PA</subfield>
            </datafield>
            <datafield tag="505" ind1=" " ind2=" ">
              <subfield code="t">HMDA Loan Application Register LAR: MSA/MD 30300 LEWISTON, ID-WA</subfield>
            </datafield>
            <datafield tag="505" ind1=" " ind2=" ">
              <subfield code="t">HMDA Loan Application Register LAR: MSA/MD 30340 LEWISTON-AUBURN, ME</subfield>
            </datafield>
            <datafield tag="505" ind1=" " ind2=" ">
              <subfield code="t">HMDA Loan Application Register LAR: MSA/MD 30460 LEXINGTON-FAYETTE, KY</subfield>
            </datafield>
            <datafield tag="505" ind1=" " ind2=" ">
              <subfield code="t">HMDA Loan Application Register LAR: MSA/MD 30620 LIMA, OH</subfield>
            </datafield>
            <datafield tag="505" ind1=" " ind2=" ">
              <subfield code="t">HMDA Loan Application Register LAR: MSA/MD 30700 LINCOLN, NE</subfield>
            </datafield>
            <datafield tag="505" ind1=" " ind2=" ">
              <subfield code="t">HMDA Loan Application Register LAR: MSA/MD 30780 LITTLE ROCK-NORTH LITTLE ROCK-CONWAY, AR</subfield>
            </datafield>
            <datafield tag="505" ind1=" " ind2=" ">
              <subfield code="t">HMDA Loan Application Register LAR: MSA/MD 30860 LOGAN, UT-ID</subfield>
            </datafield>
            <datafield tag="505" ind1=" " ind2=" ">
              <subfield code="t">HMDA Loan Application Register LAR: MSA/MD 30980 LONGVIEW, TX</subfield>
            </datafield>
            <datafield tag="505" ind1=" " ind2=" ">
              <subfield code="t">HMDA Loan Application Register LAR: MSA/MD 31020 LONGVIEW, WA</subfield>
            </datafield>
            <datafield tag="505" ind1=" " ind2=" ">
              <subfield code="t">HMDA Loan Application Register LAR: MSA/MD 31084 LOS ANGELES-LONG BEACH-GLENDALE, CA</subfield>
            </datafield>
            <datafield tag="505" ind1=" " ind2=" ">
              <subfield code="t">HMDA Loan Application Register LAR: MSA/MD 31140 LOUISVILLE-JEFFERSON COUNTY, KY-IN</subfield>
            </datafield>
            <datafield tag="505" ind1=" " ind2=" ">
              <subfield code="t">HMDA Loan Application Register LAR: MSA/MD 31180 LUBBOCK, TX</subfield>
            </datafield>
            <datafield tag="505" ind1=" " ind2=" ">
              <subfield code="t">HMDA Loan Application Register LAR: MSA/MD 31340 LYNCHBURG, VA</subfield>
            </datafield>
            <datafield tag="505" ind1=" " ind2=" ">
              <subfield code="t">HMDA Loan Application Register LAR: MSA/MD 31420 MACON, GA</subfield>
            </datafield>
            <datafield tag="505" ind1=" " ind2=" ">
              <subfield code="t">HMDA Loan Application Register LAR: MSA/MD 31460 MADERA-CHOWCHILLA, CA</subfield>
            </datafield>
            <datafield tag="505" ind1=" " ind2=" ">
              <subfield code="t">HMDA Loan Application Register LAR: MSA/MD 31540 MADISON, WI</subfield>
            </datafield>
            <datafield tag="505" ind1=" " ind2=" ">
              <subfield code="t">HMDA Loan Application Register LAR: MSA/MD 31700 MANCHESTER-NASHUA, NH</subfield>
            </datafield>
            <datafield tag="505" ind1=" " ind2=" ">
              <subfield code="t">HMDA Loan Application Register LAR: MSA/MD 31740 MANHATTAN, KS</subfield>
            </datafield>
            <datafield tag="505" ind1=" " ind2=" ">
              <subfield code="t">HMDA Loan Application Register LAR: MSA/MD 31860 MANKATO-NORTH MANKATO, MN</subfield>
            </datafield>
            <datafield tag="505" ind1=" " ind2=" ">
              <subfield code="t">HMDA Loan Application Register LAR: MSA/MD 31900 MANSFIELD, OH</subfield>
            </datafield>
            <datafield tag="505" ind1=" " ind2=" ">
              <subfield code="t">HMDA Loan Application Register LAR: MSA/MD 32420 MAYAGUEZ, PR</subfield>
            </datafield>
            <datafield tag="505" ind1=" " ind2=" ">
              <subfield code="t">HMDA Loan Application Register LAR: MSA/MD 32580 MCALLEN-EDINBURG-MISSION, TX</subfield>
            </datafield>
            <datafield tag="505" ind1=" " ind2=" ">
              <subfield code="t">HMDA Loan Application Register LAR: MSA/MD 32780 MEDFORD, OR</subfield>
            </datafield>
            <datafield tag="505" ind1=" " ind2=" ">
              <subfield code="t">HMDA Loan Application Register LAR: MSA/MD 32820 MEMPHIS, TN-MS-AR</subfield>
            </datafield>
            <datafield tag="505" ind1=" " ind2=" ">
              <subfield code="t">HMDA Loan Application Register LAR: MSA/MD 32900 MERCED, CA</subfield>
            </datafield>
            <datafield tag="505" ind1=" " ind2=" ">
              <subfield code="t">HMDA Loan Application Register LAR: MSA/MD 33124 MIAMI-MIAMI BEACH-KENDALL, FL</subfield>
            </datafield>
            <datafield tag="505" ind1=" " ind2=" ">
              <subfield code="t">HMDA Loan Application Register LAR: MSA/MD 33140 MICHIGAN CITY-LA PORTE, IN</subfield>
            </datafield>
            <datafield tag="505" ind1=" " ind2=" ">
              <subfield code="t">HMDA Loan Application Register LAR: MSA/MD 33260 MIDLAND, TX</subfield>
            </datafield>
            <datafield tag="505" ind1=" " ind2=" ">
              <subfield code="t">HMDA Loan Application Register LAR: MSA/MD 33340 MILWAUKEE-WAUKESHA-WEST ALLIS, WI</subfield>
            </datafield>
            <datafield tag="505" ind1=" " ind2=" ">
              <subfield code="t">HMDA Loan Application Register LAR: MSA/MD 33460 MINNEAPOLIS-ST. PAUL-BLOOMINGTON, MN-WI</subfield>
            </datafield>
            <datafield tag="505" ind1=" " ind2=" ">
              <subfield code="t">HMDA Loan Application Register LAR: MSA/MD 33540 MISSOULA, MT</subfield>
            </datafield>
            <datafield tag="505" ind1=" " ind2=" ">
              <subfield code="t">HMDA Loan Application Register LAR: MSA/MD 33660 MOBILE, AL</subfield>
            </datafield>
            <datafield tag="505" ind1=" " ind2=" ">
              <subfield code="t">HMDA Loan Application Register LAR: MSA/MD 33700 MODESTO, CA</subfield>
            </datafield>
            <datafield tag="505" ind1=" " ind2=" ">
              <subfield code="t">HMDA Loan Application Register LAR: MSA/MD 33740 MONROE, LA</subfield>
            </datafield>
            <datafield tag="505" ind1=" " ind2=" ">
              <subfield code="t">HMDA Loan Application Register LAR: MSA/MD 33780 MONROE, MI</subfield>
            </datafield>
            <datafield tag="505" ind1=" " ind2=" ">
              <subfield code="t">HMDA Loan Application Register LAR: MSA/MD 33860 MONTGOMERY, AL</subfield>
            </datafield>
            <datafield tag="505" ind1=" " ind2=" ">
              <subfield code="t">HMDA Loan Application Register LAR: MSA/MD 34060 MORGANTOWN, WV</subfield>
            </datafield>
            <datafield tag="505" ind1=" " ind2=" ">
              <subfield code="t">HMDA Loan Application Register LAR: MSA/MD 34100 MORRISTOWN, TN</subfield>
            </datafield>
            <datafield tag="505" ind1=" " ind2=" ">
              <subfield code="t">HMDA Loan Application Register LAR: MSA/MD 34580 MOUNT VERNON-ANACORTES, WA</subfield>
            </datafield>
            <datafield tag="505" ind1=" " ind2=" ">
              <subfield code="t">HMDA Loan Application Register LAR: MSA/MD 34620 MUNCIE, IN</subfield>
            </datafield>
            <datafield tag="505" ind1=" " ind2=" ">
              <subfield code="t">HMDA Loan Application Register LAR: MSA/MD 34740 MUSKEGON-NORTON SHORES, MI</subfield>
            </datafield>
            <datafield tag="505" ind1=" " ind2=" ">
              <subfield code="t">HMDA Loan Application Register LAR: MSA/MD 34820 MYRTLE BEACH-NORTH MYRTLE BEACH-CONWAY, SC</subfield>
            </datafield>
            <datafield tag="505" ind1=" " ind2=" ">
              <subfield code="t">HMDA Loan Application Register LAR: MSA/MD 34900 NAPA, CA</subfield>
            </datafield>
            <datafield tag="505" ind1=" " ind2=" ">
              <subfield code="t">HMDA Loan Application Register LAR: MSA/MD 34940 NAPLES-MARCO ISLAND, FL</subfield>
            </datafield>
            <datafield tag="505" ind1=" " ind2=" ">
              <subfield code="t">HMDA Loan Application Register LAR: MSA/MD 34980 NASHVILLE-DAVIDSON--MURFREESBORO--FRANKLIN, TN</subfield>
            </datafield>
            <datafield tag="505" ind1=" " ind2=" ">
              <subfield code="t">HMDA Loan Application Register LAR: MSA/MD 35004 NASSAU-SUFFOLK, NY</subfield>
            </datafield>
            <datafield tag="505" ind1=" " ind2=" ">
              <subfield code="t">HMDA Loan Application Register LAR: MSA/MD 35084 NEWARK-UNION, NJ-PA</subfield>
            </datafield>
            <datafield tag="505" ind1=" " ind2=" ">
              <subfield code="t">HMDA Loan Application Register LAR: MSA/MD 35300 NEW HAVEN-MILFORD, CT</subfield>
            </datafield>
            <datafield tag="505" ind1=" " ind2=" ">
              <subfield code="t">HMDA Loan Application Register LAR: MSA/MD 35380 NEW ORLEANS-METAIRIE-KENNER, LA</subfield>
            </datafield>
            <datafield tag="505" ind1=" " ind2=" ">
              <subfield code="t">HMDA Loan Application Register LAR: MSA/MD 35644 NEW YORK-WHITE PLAINS-WAYNE, NY-NJ</subfield>
            </datafield>
            <datafield tag="505" ind1=" " ind2=" ">
              <subfield code="t">HMDA Loan Application Register LAR: MSA/MD 35660 NILES-BENTON HARBOR, MI</subfield>
            </datafield>
            <datafield tag="505" ind1=" " ind2=" ">
              <subfield code="t">HMDA Loan Application Register LAR: MSA/MD 35840 NORTH PORT-BRADENTON-SARASOTA, FL</subfield>
            </datafield>
            <datafield tag="505" ind1=" " ind2=" ">
              <subfield code="t">HMDA Loan Application Register LAR: MSA/MD 35980 NORWICH-NEW LONDON, CT</subfield>
            </datafield>
            <datafield tag="505" ind1=" " ind2=" ">
              <subfield code="t">HMDA Loan Application Register LAR: MSA/MD 36084 OAKLAND-FREMONT-HAYWARD, CA</subfield>
            </datafield>
            <datafield tag="505" ind1=" " ind2=" ">
              <subfield code="t">HMDA Loan Application Register LAR: MSA/MD 36100 OCALA, FL</subfield>
            </datafield>
            <datafield tag="505" ind1=" " ind2=" ">
              <subfield code="t">HMDA Loan Application Register LAR: MSA/MD 36140 OCEAN CITY, NJ</subfield>
            </datafield>
            <datafield tag="505" ind1=" " ind2=" ">
              <subfield code="t">HMDA Loan Application Register LAR: MSA/MD 36220 ODESSA, TX</subfield>
            </datafield>
            <datafield tag="505" ind1=" " ind2=" ">
              <subfield code="t">HMDA Loan Application Register LAR: MSA/MD 36260 OGDEN-CLEARFIELD, UT</subfield>
            </datafield>
            <datafield tag="505" ind1=" " ind2=" ">
              <subfield code="t">HMDA Loan Application Register LAR: MSA/MD 36420 OKLAHOMA CITY, OK</subfield>
            </datafield>
            <datafield tag="505" ind1=" " ind2=" ">
              <subfield code="t">HMDA Loan Application Register LAR: MSA/MD 36500 OLYMPIA, WA</subfield>
            </datafield>
            <datafield tag="505" ind1=" " ind2=" ">
              <subfield code="t">HMDA Loan Application Register LAR: MSA/MD 36540 OMAHA-COUNCIL BLUFFS, NE-IA</subfield>
            </datafield>
            <datafield tag="505" ind1=" " ind2=" ">
              <subfield code="t">HMDA Loan Application Register LAR: MSA/MD 36740 ORLANDO-KISSIMMEE-SANFORD, FL</subfield>
            </datafield>
            <datafield tag="505" ind1=" " ind2=" ">
              <subfield code="t">HMDA Loan Application Register LAR: MSA/MD 36780 OSHKOSH-NEENAH, WI</subfield>
            </datafield>
            <datafield tag="505" ind1=" " ind2=" ">
              <subfield code="t">HMDA Loan Application Register LAR: MSA/MD 36980 OWENSBORO, KY</subfield>
            </datafield>
            <datafield tag="505" ind1=" " ind2=" ">
              <subfield code="t">HMDA Loan Application Register LAR: MSA/MD 37100 OXNARD-THOUSAND OAKS-VENTURA, CA</subfield>
            </datafield>
            <datafield tag="505" ind1=" " ind2=" ">
              <subfield code="t">HMDA Loan Application Register LAR: MSA/MD 37340 PALM BAY-MELBOURNE-TITUSVILLE, FL</subfield>
            </datafield>
            <datafield tag="505" ind1=" " ind2=" ">
              <subfield code="t">HMDA Loan Application Register LAR: MSA/MD 37380 PALM COAST, FL</subfield>
            </datafield>
            <datafield tag="505" ind1=" " ind2=" ">
              <subfield code="t">HMDA Loan Application Register LAR: MSA/MD 37460 PANAMA CITY-LYNN HAVEN-PANAMA CITY BEACH, FL</subfield>
            </datafield>
            <datafield tag="505" ind1=" " ind2=" ">
              <subfield code="t">HMDA Loan Application Register LAR: MSA/MD 37620 PARKERSBURG-MARIETTA-VIENNA, WV-OH</subfield>
            </datafield>
            <datafield tag="505" ind1=" " ind2=" ">
              <subfield code="t">HMDA Loan Application Register LAR: MSA/MD 37700 PASCAGOULA, MS</subfield>
            </datafield>
            <datafield tag="505" ind1=" " ind2=" ">
              <subfield code="t">HMDA Loan Application Register LAR: MSA/MD 37764 PEABODY, MA</subfield>
            </datafield>
            <datafield tag="505" ind1=" " ind2=" ">
              <subfield code="t">HMDA Loan Application Register LAR: MSA/MD 37860 PENSACOLA-FERRY PASS-BRENT, FL</subfield>
            </datafield>
            <datafield tag="505" ind1=" " ind2=" ">
              <subfield code="t">HMDA Loan Application Register LAR: MSA/MD 37900 PEORIA, IL</subfield>
            </datafield>
            <datafield tag="505" ind1=" " ind2=" ">
              <subfield code="t">HMDA Loan Application Register LAR: MSA/MD 37964 PHILADELPHIA, PA</subfield>
            </datafield>
            <datafield tag="505" ind1=" " ind2=" ">
              <subfield code="t">HMDA Loan Application Register LAR: MSA/MD 38060 PHOENIX-MESA-GLENDALE, AZ</subfield>
            </datafield>
            <datafield tag="505" ind1=" " ind2=" ">
              <subfield code="t">HMDA Loan Application Register LAR: MSA/MD 38220 PINE BLUFF, AR</subfield>
            </datafield>
            <datafield tag="505" ind1=" " ind2=" ">
              <subfield code="t">HMDA Loan Application Register LAR: MSA/MD 38300 PITTSBURGH, PA</subfield>
            </datafield>
            <datafield tag="505" ind1=" " ind2=" ">
              <subfield code="t">HMDA Loan Application Register LAR: MSA/MD 38340 PITTSFIELD, MA</subfield>
            </datafield>
            <datafield tag="505" ind1=" " ind2=" ">
              <subfield code="t">HMDA Loan Application Register LAR: MSA/MD 38540 POCATELLO, ID</subfield>
            </datafield>
            <datafield tag="505" ind1=" " ind2=" ">
              <subfield code="t">HMDA Loan Application Register LAR: MSA/MD 38660 PONCE, PR</subfield>
            </datafield>
            <datafield tag="505" ind1=" " ind2=" ">
              <subfield code="t">HMDA Loan Application Register LAR: MSA/MD 38860 PORTLAND-SOUTH PORTLAND-BIDDEFORD, ME</subfield>
            </datafield>
            <datafield tag="505" ind1=" " ind2=" ">
              <subfield code="t">HMDA Loan Application Register LAR: MSA/MD 38900 PORTLAND-VANCOUVER-HILLSBORO, OR-WA</subfield>
            </datafield>
            <datafield tag="505" ind1=" " ind2=" ">
              <subfield code="t">HMDA Loan Application Register LAR: MSA/MD 38940 PORT ST. LUCIE, FL</subfield>
            </datafield>
            <datafield tag="505" ind1=" " ind2=" ">
              <subfield code="t">HMDA Loan Application Register LAR: MSA/MD 39100 POUGHKEEPSIE-NEWBURGH-MIDDLETOWN, NY</subfield>
            </datafield>
            <datafield tag="505" ind1=" " ind2=" ">
              <subfield code="t">HMDA Loan Application Register LAR: MSA/MD 39140 PRESCOTT, AZ</subfield>
            </datafield>
            <datafield tag="505" ind1=" " ind2=" ">
              <subfield code="t">HMDA Loan Application Register LAR: MSA/MD 39300 PROVIDENCE-NEW BEDFORD-FALL RIVER, RI-MA</subfield>
            </datafield>
            <datafield tag="505" ind1=" " ind2=" ">
              <subfield code="t">HMDA Loan Application Register LAR: MSA/MD 39340 PROVO-OREM, UT</subfield>
            </datafield>
            <datafield tag="505" ind1=" " ind2=" ">
              <subfield code="t">HMDA Loan Application Register LAR: MSA/MD 39380 PUEBLO, CO</subfield>
            </datafield>
            <datafield tag="505" ind1=" " ind2=" ">
              <subfield code="t">HMDA Loan Application Register LAR: MSA/MD 39460 PUNTA GORDA, FL</subfield>
            </datafield>
            <datafield tag="505" ind1=" " ind2=" ">
              <subfield code="t">HMDA Loan Application Register LAR: MSA/MD 39540 RACINE, WI</subfield>
            </datafield>
            <datafield tag="505" ind1=" " ind2=" ">
              <subfield code="t">HMDA Loan Application Register LAR: MSA/MD 39580 RALEIGH-CARY, NC</subfield>
            </datafield>
            <datafield tag="505" ind1=" " ind2=" ">
              <subfield code="t">HMDA Loan Application Register LAR: MSA/MD 39660 RAPID CITY, SD</subfield>
            </datafield>
            <datafield tag="505" ind1=" " ind2=" ">
              <subfield code="t">HMDA Loan Application Register LAR: MSA/MD 39740 READING, PA</subfield>
            </datafield>
            <datafield tag="505" ind1=" " ind2=" ">
              <subfield code="t">HMDA Loan Application Register LAR: MSA/MD 39820 REDDING, CA</subfield>
            </datafield>
            <datafield tag="505" ind1=" " ind2=" ">
              <subfield code="t">HMDA Loan Application Register LAR: MSA/MD 39900 RENO-SPARKS, NV</subfield>
            </datafield>
            <datafield tag="505" ind1=" " ind2=" ">
              <subfield code="t">HMDA Loan Application Register LAR: MSA/MD 40060 RICHMOND, VA</subfield>
            </datafield>
            <datafield tag="505" ind1=" " ind2=" ">
              <subfield code="t">HMDA Loan Application Register LAR: MSA/MD 40140 RIVERSIDE-SAN BERNARDINO-ONTARIO, CA</subfield>
            </datafield>
            <datafield tag="505" ind1=" " ind2=" ">
              <subfield code="t">HMDA Loan Application Register LAR: MSA/MD 40220 ROANOKE, VA</subfield>
            </datafield>
            <datafield tag="505" ind1=" " ind2=" ">
              <subfield code="t">HMDA Loan Application Register LAR: MSA/MD 40340 ROCHESTER, MN</subfield>
            </datafield>
            <datafield tag="505" ind1=" " ind2=" ">
              <subfield code="t">HMDA Loan Application Register LAR: MSA/MD 40380 ROCHESTER, NY</subfield>
            </datafield>
            <datafield tag="505" ind1=" " ind2=" ">
              <subfield code="t">HMDA Loan Application Register LAR: MSA/MD 40420 ROCKFORD, IL</subfield>
            </datafield>
            <datafield tag="505" ind1=" " ind2=" ">
              <subfield code="t">HMDA Loan Application Register LAR: MSA/MD 40484 ROCKINGHAM COUNTY-STRAFFORD COUNTY, NH</subfield>
            </datafield>
            <datafield tag="505" ind1=" " ind2=" ">
              <subfield code="t">HMDA Loan Application Register LAR: MSA/MD 40580 ROCKY MOUNT, NC</subfield>
            </datafield>
            <datafield tag="505" ind1=" " ind2=" ">
              <subfield code="t">HMDA Loan Application Register LAR: MSA/MD 40660 ROME, GA</subfield>
            </datafield>
            <datafield tag="505" ind1=" " ind2=" ">
              <subfield code="t">HMDA Loan Application Register LAR: MSA/MD 40900 SACRAMENTO--ARDEN-ARCADE--ROSEVILLE, CA</subfield>
            </datafield>
            <datafield tag="505" ind1=" " ind2=" ">
              <subfield code="t">HMDA Loan Application Register LAR: MSA/MD 40980 SAGINAW-SAGINAW TOWNSHIP NORTH, MI</subfield>
            </datafield>
            <datafield tag="505" ind1=" " ind2=" ">
              <subfield code="t">HMDA Loan Application Register LAR: MSA/MD 41060 ST. CLOUD, MN</subfield>
            </datafield>
            <datafield tag="505" ind1=" " ind2=" ">
              <subfield code="t">HMDA Loan Application Register LAR: MSA/MD 41100 ST. GEORGE, UT</subfield>
            </datafield>
            <datafield tag="505" ind1=" " ind2=" ">
              <subfield code="t">HMDA Loan Application Register LAR: MSA/MD 41140 ST. JOSEPH, MO-KS</subfield>
            </datafield>
            <datafield tag="505" ind1=" " ind2=" ">
              <subfield code="t">HMDA Loan Application Register LAR: MSA/MD 41180 ST. LOUIS, MO-IL</subfield>
            </datafield>
            <datafield tag="505" ind1=" " ind2=" ">
              <subfield code="t">HMDA Loan Application Register LAR: MSA/MD 41420 SALEM, OR</subfield>
            </datafield>
            <datafield tag="505" ind1=" " ind2=" ">
              <subfield code="t">HMDA Loan Application Register LAR: MSA/MD 41500 SALINAS, CA</subfield>
            </datafield>
            <datafield tag="505" ind1=" " ind2=" ">
              <subfield code="t">HMDA Loan Application Register LAR: MSA/MD 41540 SALISBURY, MD</subfield>
            </datafield>
            <datafield tag="505" ind1=" " ind2=" ">
              <subfield code="t">HMDA Loan Application Register LAR: MSA/MD 41620 SALT LAKE CITY, UT</subfield>
            </datafield>
            <datafield tag="505" ind1=" " ind2=" ">
              <subfield code="t">HMDA Loan Application Register LAR: MSA/MD 41660 SAN ANGELO, TX</subfield>
            </datafield>
            <datafield tag="505" ind1=" " ind2=" ">
              <subfield code="t">HMDA Loan Application Register LAR: MSA/MD 41700 SAN ANTONIO-NEW BRAUNFELS, TX</subfield>
            </datafield>
            <datafield tag="505" ind1=" " ind2=" ">
              <subfield code="t">HMDA Loan Application Register LAR: MSA/MD 41740 SAN DIEGO-CARLSBAD-SAN MARCOS, CA</subfield>
            </datafield>
            <datafield tag="505" ind1=" " ind2=" ">
              <subfield code="t">HMDA Loan Application Register LAR: MSA/MD 41780 SANDUSKY, OH</subfield>
            </datafield>
            <datafield tag="505" ind1=" " ind2=" ">
              <subfield code="t">HMDA Loan Application Register LAR: MSA/MD 41884 SAN FRANCISCO-SAN MATEO-REDWOOD CITY, CA</subfield>
            </datafield>
            <datafield tag="505" ind1=" " ind2=" ">
              <subfield code="t">HMDA Loan Application Register LAR: MSA/MD 41900 SAN GERMAN-CABO ROJO, PR</subfield>
            </datafield>
            <datafield tag="505" ind1=" " ind2=" ">
              <subfield code="t">HMDA Loan Application Register LAR: MSA/MD 41940 SAN JOSE-SUNNYVALE-SANTA CLARA, CA</subfield>
            </datafield>
            <datafield tag="505" ind1=" " ind2=" ">
              <subfield code="t">HMDA Loan Application Register LAR: MSA/MD 41980 SAN JUAN-CAGUAS-GUAYNABO, PR</subfield>
            </datafield>
            <datafield tag="505" ind1=" " ind2=" ">
              <subfield code="t">HMDA Loan Application Register LAR: MSA/MD 42020 SAN LUIS OBISPO-PASO ROBLES, CA</subfield>
            </datafield>
            <datafield tag="505" ind1=" " ind2=" ">
              <subfield code="t">HMDA Loan Application Register LAR: MSA/MD 42044 SANTA ANA-ANAHEIM-IRVINE, CA</subfield>
            </datafield>
            <datafield tag="505" ind1=" " ind2=" ">
              <subfield code="t">HMDA Loan Application Register LAR: MSA/MD 42060 SANTA BARBARA-SANTA MARIA-GOLETA, CA</subfield>
            </datafield>
            <datafield tag="505" ind1=" " ind2=" ">
              <subfield code="t">HMDA Loan Application Register LAR: MSA/MD 42100 SANTA CRUZ-WATSONVILLE, CA</subfield>
            </datafield>
            <datafield tag="505" ind1=" " ind2=" ">
              <subfield code="t">HMDA Loan Application Register LAR: MSA/MD 42140 SANTA FE, NM</subfield>
            </datafield>
            <datafield tag="505" ind1=" " ind2=" ">
              <subfield code="t">HMDA Loan Application Register LAR: MSA/MD 42220 SANTA ROSA-PETALUMA, CA</subfield>
            </datafield>
            <datafield tag="505" ind1=" " ind2=" ">
              <subfield code="t">HMDA Loan Application Register LAR: MSA/MD 42340 SAVANNAH, GA</subfield>
            </datafield>
            <datafield tag="505" ind1=" " ind2=" ">
              <subfield code="t">HMDA Loan Application Register LAR: MSA/MD 42540 SCRANTON--WILKES-BARRE, PA</subfield>
            </datafield>
            <datafield tag="505" ind1=" " ind2=" ">
              <subfield code="t">HMDA Loan Application Register LAR: MSA/MD 42644 SEATTLE-BELLEVUE-EVERETT, WA</subfield>
            </datafield>
            <datafield tag="505" ind1=" " ind2=" ">
              <subfield code="t">HMDA Loan Application Register LAR: MSA/MD 42680 SEBASTIAN-VERO BEACH, FL</subfield>
            </datafield>
            <datafield tag="505" ind1=" " ind2=" ">
              <subfield code="t">HMDA Loan Application Register LAR: MSA/MD 43100 SHEBOYGAN, WI</subfield>
            </datafield>
            <datafield tag="505" ind1=" " ind2=" ">
              <subfield code="t">HMDA Loan Application Register LAR: MSA/MD 43300 SHERMAN-DENISON, TX</subfield>
            </datafield>
            <datafield tag="505" ind1=" " ind2=" ">
              <subfield code="t">HMDA Loan Application Register LAR: MSA/MD 43340 SHREVEPORT-BOSSIER CITY, LA</subfield>
            </datafield>
            <datafield tag="505" ind1=" " ind2=" ">
              <subfield code="t">HMDA Loan Application Register LAR: MSA/MD 43580 SIOUX CITY, IA-NE-SD</subfield>
            </datafield>
            <datafield tag="505" ind1=" " ind2=" ">
              <subfield code="t">HMDA Loan Application Register LAR: MSA/MD 43620 SIOUX FALLS, SD</subfield>
            </datafield>
            <datafield tag="505" ind1=" " ind2=" ">
              <subfield code="t">HMDA Loan Application Register LAR: MSA/MD 43780 SOUTH BEND-MISHAWAKA, IN-MI</subfield>
            </datafield>
            <datafield tag="505" ind1=" " ind2=" ">
              <subfield code="t">HMDA Loan Application Register LAR: MSA/MD 43900 SPARTANBURG, SC</subfield>
            </datafield>
            <datafield tag="505" ind1=" " ind2=" ">
              <subfield code="t">HMDA Loan Application Register LAR: MSA/MD 44060 SPOKANE, WA</subfield>
            </datafield>
            <datafield tag="505" ind1=" " ind2=" ">
              <subfield code="t">HMDA Loan Application Register LAR: MSA/MD 44100 SPRINGFIELD, IL</subfield>
            </datafield>
            <datafield tag="505" ind1=" " ind2=" ">
              <subfield code="t">HMDA Loan Application Register LAR: MSA/MD 44140 SPRINGFIELD, MA</subfield>
            </datafield>
            <datafield tag="505" ind1=" " ind2=" ">
              <subfield code="t">HMDA Loan Application Register LAR: MSA/MD 44180 SPRINGFIELD, MO</subfield>
            </datafield>
            <datafield tag="505" ind1=" " ind2=" ">
              <subfield code="t">HMDA Loan Application Register LAR: MSA/MD 44220 SPRINGFIELD, OH</subfield>
            </datafield>
            <datafield tag="505" ind1=" " ind2=" ">
              <subfield code="t">HMDA Loan Application Register LAR: MSA/MD 44300 STATE COLLEGE, PA</subfield>
            </datafield>
            <datafield tag="505" ind1=" " ind2=" ">
              <subfield code="t">HMDA Loan Application Register LAR: MSA/MD 44600 STEUBENVILLE-WEIRTON, OH-WV</subfield>
            </datafield>
            <datafield tag="505" ind1=" " ind2=" ">
              <subfield code="t">HMDA Loan Application Register LAR: MSA/MD 44700 STOCKTON, CA</subfield>
            </datafield>
            <datafield tag="505" ind1=" " ind2=" ">
              <subfield code="t">HMDA Loan Application Register LAR: MSA/MD 44940 SUMTER, SC</subfield>
            </datafield>
            <datafield tag="505" ind1=" " ind2=" ">
              <subfield code="t">HMDA Loan Application Register LAR: MSA/MD 45060 SYRACUSE, NY</subfield>
            </datafield>
            <datafield tag="505" ind1=" " ind2=" ">
              <subfield code="t">HMDA Loan Application Register LAR: MSA/MD 45104 TACOMA, WA</subfield>
            </datafield>
            <datafield tag="505" ind1=" " ind2=" ">
              <subfield code="t">HMDA Loan Application Register LAR: MSA/MD 45220 TALLAHASSEE, FL</subfield>
            </datafield>
            <datafield tag="505" ind1=" " ind2=" ">
              <subfield code="t">HMDA Loan Application Register LAR: MSA/MD 45300 TAMPA-ST. PETERSBURG-CLEARWATER, FL</subfield>
            </datafield>
            <datafield tag="505" ind1=" " ind2=" ">
              <subfield code="t">HMDA Loan Application Register LAR: MSA/MD 45460 TERRE HAUTE, IN</subfield>
            </datafield>
            <datafield tag="505" ind1=" " ind2=" ">
              <subfield code="t">HMDA Loan Application Register LAR: MSA/MD 45500 TEXARKANA, TX-TEXARKANA, AR</subfield>
            </datafield>
            <datafield tag="505" ind1=" " ind2=" ">
              <subfield code="t">HMDA Loan Application Register LAR: MSA/MD 45780 TOLEDO, OH</subfield>
            </datafield>
            <datafield tag="505" ind1=" " ind2=" ">
              <subfield code="t">HMDA Loan Application Register LAR: MSA/MD 45820 TOPEKA, KS</subfield>
            </datafield>
            <datafield tag="505" ind1=" " ind2=" ">
              <subfield code="t">HMDA Loan Application Register LAR: MSA/MD 45940 TRENTON-EWING, NJ</subfield>
            </datafield>
            <datafield tag="505" ind1=" " ind2=" ">
              <subfield code="t">HMDA Loan Application Register LAR: MSA/MD 46060 TUCSON, AZ</subfield>
            </datafield>
            <datafield tag="505" ind1=" " ind2=" ">
              <subfield code="t">HMDA Loan Application Register LAR: MSA/MD 46140 TULSA, OK</subfield>
            </datafield>
            <datafield tag="505" ind1=" " ind2=" ">
              <subfield code="t">HMDA Loan Application Register LAR: MSA/MD 46220 TUSCALOOSA, AL</subfield>
            </datafield>
            <datafield tag="505" ind1=" " ind2=" ">
              <subfield code="t">HMDA Loan Application Register LAR: MSA/MD 46340 TYLER, TX</subfield>
            </datafield>
            <datafield tag="505" ind1=" " ind2=" ">
              <subfield code="t">HMDA Loan Application Register LAR: MSA/MD 46540 UTICA-ROME, NY</subfield>
            </datafield>
            <datafield tag="505" ind1=" " ind2=" ">
              <subfield code="t">HMDA Loan Application Register LAR: MSA/MD 46660 VALDOSTA, GA</subfield>
            </datafield>
            <datafield tag="505" ind1=" " ind2=" ">
              <subfield code="t">HMDA Loan Application Register LAR: MSA/MD 46700 VALLEJO-FAIRFIELD, CA</subfield>
            </datafield>
            <datafield tag="505" ind1=" " ind2=" ">
              <subfield code="t">HMDA Loan Application Register LAR: MSA/MD 47020 VICTORIA, TX</subfield>
            </datafield>
            <datafield tag="505" ind1=" " ind2=" ">
              <subfield code="t">HMDA Loan Application Register LAR: MSA/MD 47220 VINELAND-MILLVILLE-BRIDGETON, NJ</subfield>
            </datafield>
            <datafield tag="505" ind1=" " ind2=" ">
              <subfield code="t">HMDA Loan Application Register LAR: MSA/MD 47260 VIRGINIA BEACH-NORFOLK-NEWPORT NEWS, VA-NC</subfield>
            </datafield>
            <datafield tag="505" ind1=" " ind2=" ">
              <subfield code="t">HMDA Loan Application Register LAR: MSA/MD 47300 VISALIA-PORTERVILLE, CA</subfield>
            </datafield>
            <datafield tag="505" ind1=" " ind2=" ">
              <subfield code="t">HMDA Loan Application Register LAR: MSA/MD 47380 WACO, TX</subfield>
            </datafield>
            <datafield tag="505" ind1=" " ind2=" ">
              <subfield code="t">HMDA Loan Application Register LAR: MSA/MD 47580 WARNER ROBINS, GA</subfield>
            </datafield>
            <datafield tag="505" ind1=" " ind2=" ">
              <subfield code="t">HMDA Loan Application Register LAR: MSA/MD 47644 WARREN-TROY-FARMINGTON HILLS, MI</subfield>
            </datafield>
            <datafield tag="505" ind1=" " ind2=" ">
              <subfield code="t">HMDA Loan Application Register LAR: MSA/MD 47894 WASHINGTON-ARLINGTON-ALEXANDRIA, DC-VA-MD-WV</subfield>
            </datafield>
            <datafield tag="505" ind1=" " ind2=" ">
              <subfield code="t">HMDA Loan Application Register LAR: MSA/MD 47940 WATERLOO-CEDAR FALLS, IA</subfield>
            </datafield>
            <datafield tag="505" ind1=" " ind2=" ">
              <subfield code="t">HMDA Loan Application Register LAR: MSA/MD 48140 WAUSAU, WI</subfield>
            </datafield>
            <datafield tag="505" ind1=" " ind2=" ">
              <subfield code="t">HMDA Loan Application Register LAR: MSA/MD 48300 WENATCHEE-EAST WENATCHEE, WA</subfield>
            </datafield>
            <datafield tag="505" ind1=" " ind2=" ">
              <subfield code="t">HMDA Loan Application Register LAR: MSA/MD 48424 WEST PALM BEACH-BOCA RATON-BOYNTON BEACH, FL</subfield>
            </datafield>
            <datafield tag="505" ind1=" " ind2=" ">
              <subfield code="t">HMDA Loan Application Register LAR: MSA/MD 48540 WHEELING, WV-OH</subfield>
            </datafield>
            <datafield tag="505" ind1=" " ind2=" ">
              <subfield code="t">HMDA Loan Application Register LAR: MSA/MD 48620 WICHITA, KS</subfield>
            </datafield>
            <datafield tag="505" ind1=" " ind2=" ">
              <subfield code="t">HMDA Loan Application Register LAR: MSA/MD 48660 WICHITA FALLS, TX</subfield>
            </datafield>
            <datafield tag="505" ind1=" " ind2=" ">
              <subfield code="t">HMDA Loan Application Register LAR: MSA/MD 48700 WILLIAMSPORT, PA</subfield>
            </datafield>
            <datafield tag="505" ind1=" " ind2=" ">
              <subfield code="t">HMDA Loan Application Register LAR: MSA/MD 48864 WILMINGTON, DE-MD-NJ</subfield>
            </datafield>
            <datafield tag="505" ind1=" " ind2=" ">
              <subfield code="t">HMDA Loan Application Register LAR: MSA/MD 48900 WILMINGTON, NC</subfield>
            </datafield>
            <datafield tag="505" ind1=" " ind2=" ">
              <subfield code="t">HMDA Loan Application Register LAR: MSA/MD 49020 WINCHESTER, VA-WV</subfield>
            </datafield>
            <datafield tag="505" ind1=" " ind2=" ">
              <subfield code="t">HMDA Loan Application Register LAR: MSA/MD 49180 WINSTON-SALEM, NC</subfield>
            </datafield>
            <datafield tag="505" ind1=" " ind2=" ">
              <subfield code="t">HMDA Loan Application Register LAR: MSA/MD 49340 WORCESTER, MA</subfield>
            </datafield>
            <datafield tag="505" ind1=" " ind2=" ">
              <subfield code="t">HMDA Loan Application Register LAR: MSA/MD 49420 YAKIMA, WA</subfield>
            </datafield>
            <datafield tag="505" ind1=" " ind2=" ">
              <subfield code="t">HMDA Loan Application Register LAR: MSA/MD 49500 YAUCO, PR</subfield>
            </datafield>
            <datafield tag="505" ind1=" " ind2=" ">
              <subfield code="t">HMDA Loan Application Register LAR: MSA/MD 49620 YORK-HANOVER, PA</subfield>
            </datafield>
            <datafield tag="505" ind1=" " ind2=" ">
              <subfield code="t">HMDA Loan Application Register LAR: MSA/MD 49660 YOUNGSTOWN-WARREN-BOARDMAN, OH-PA</subfield>
            </datafield>
            <datafield tag="505" ind1=" " ind2=" ">
              <subfield code="t">HMDA Loan Application Register LAR: MSA/MD 49700 YUBA CITY, CA</subfield>
            </datafield>
            <datafield tag="505" ind1=" " ind2=" ">
              <subfield code="t">HMDA Loan Application Register LAR: MSA/MD 49740 YUMA, AZ</subfield>
            </datafield>
            <datafield tag="505" ind1=" " ind2=" ">
              <subfield code="t">HMDA Loan Application Register LAR: MSA/MD NA NA</subfield>
            </datafield>
            <datafield tag="505" ind1=" " ind2=" ">
              <subfield code="t">PMIC Loan Application Register LAR: MSA/MD 10180 ABILENE, TX</subfield>
            </datafield>
            <datafield tag="505" ind1=" " ind2=" ">
              <subfield code="t">PMIC Loan Application Register LAR: MSA/MD 10380 AGUADILLA-ISABELA-SAN SEBASTIAN, PR</subfield>
            </datafield>
            <datafield tag="505" ind1=" " ind2=" ">
              <subfield code="t">PMIC Loan Application Register LAR: MSA/MD 10420 AKRON, OH</subfield>
            </datafield>
            <datafield tag="505" ind1=" " ind2=" ">
              <subfield code="t">PMIC Loan Application Register LAR: MSA/MD 10500 ALBANY, GA</subfield>
            </datafield>
            <datafield tag="505" ind1=" " ind2=" ">
              <subfield code="t">PMIC Loan Application Register LAR: MSA/MD 10580 ALBANY-SCHENECTADY-TROY, NY</subfield>
            </datafield>
            <datafield tag="505" ind1=" " ind2=" ">
              <subfield code="t">PMIC Loan Application Register LAR: MSA/MD 10740 ALBUQUERQUE, NM</subfield>
            </datafield>
            <datafield tag="505" ind1=" " ind2=" ">
              <subfield code="t">PMIC Loan Application Register LAR: MSA/MD 10780 ALEXANDRIA, LA</subfield>
            </datafield>
            <datafield tag="505" ind1=" " ind2=" ">
              <subfield code="t">PMIC Loan Application Register LAR: MSA/MD 10900 ALLENTOWN-BETHLEHEM-EASTON, PA-NJ</subfield>
            </datafield>
            <datafield tag="505" ind1=" " ind2=" ">
              <subfield code="t">PMIC Loan Application Register LAR: MSA/MD 11020 ALTOONA, PA</subfield>
            </datafield>
            <datafield tag="505" ind1=" " ind2=" ">
              <subfield code="t">PMIC Loan Application Register LAR: MSA/MD 11100 AMARILLO, TX</subfield>
            </datafield>
            <datafield tag="505" ind1=" " ind2=" ">
              <subfield code="t">PMIC Loan Application Register LAR: MSA/MD 11180 AMES, IA</subfield>
            </datafield>
            <datafield tag="505" ind1=" " ind2=" ">
              <subfield code="t">PMIC Loan Application Register LAR: MSA/MD 11260 ANCHORAGE, AK</subfield>
            </datafield>
            <datafield tag="505" ind1=" " ind2=" ">
              <subfield code="t">PMIC Loan Application Register LAR: MSA/MD 11300 ANDERSON, IN</subfield>
            </datafield>
            <datafield tag="505" ind1=" " ind2=" ">
              <subfield code="t">PMIC Loan Application Register LAR: MSA/MD 11340 ANDERSON, SC</subfield>
            </datafield>
            <datafield tag="505" ind1=" " ind2=" ">
              <subfield code="t">PMIC Loan Application Register LAR: MSA/MD 11460 ANN ARBOR, MI</subfield>
            </datafield>
            <datafield tag="505" ind1=" " ind2=" ">
              <subfield code="t">PMIC Loan Application Register LAR: MSA/MD 11500 ANNISTON-OXFORD, AL</subfield>
            </datafield>
            <datafield tag="505" ind1=" " ind2=" ">
              <subfield code="t">PMIC Loan Application Register LAR: MSA/MD 11540 APPLETON, WI</subfield>
            </datafield>
            <datafield tag="505" ind1=" " ind2=" ">
              <subfield code="t">PMIC Loan Application Register LAR: MSA/MD 11700 ASHEVILLE, NC</subfield>
            </datafield>
            <datafield tag="505" ind1=" " ind2=" ">
              <subfield code="t">PMIC Loan Application Register LAR: MSA/MD 12020 ATHENS-CLARKE COUNTY, GA</subfield>
            </datafield>
            <datafield tag="505" ind1=" " ind2=" ">
              <subfield code="t">PMIC Loan Application Register LAR: MSA/MD 12060 ATLANTA-SANDY SPRINGS-MARIETTA, GA</subfield>
            </datafield>
            <datafield tag="505" ind1=" " ind2=" ">
              <subfield code="t">PMIC Loan Application Register LAR: MSA/MD 12100 ATLANTIC CITY-HAMMONTON, NJ</subfield>
            </datafield>
            <datafield tag="505" ind1=" " ind2=" ">
              <subfield code="t">PMIC Loan Application Register LAR: MSA/MD 12220 AUBURN-OPELIKA, AL</subfield>
            </datafield>
            <datafield tag="505" ind1=" " ind2=" ">
              <subfield code="t">PMIC Loan Application Register LAR: MSA/MD 12260 AUGUSTA-RICHMOND COUNTY, GA-SC</subfield>
            </datafield>
            <datafield tag="505" ind1=" " ind2=" ">
              <subfield code="t">PMIC Loan Application Register LAR: MSA/MD 12420 AUSTIN-ROUND ROCK-SAN MARCOS, TX</subfield>
            </datafield>
            <datafield tag="505" ind1=" " ind2=" ">
              <subfield code="t">PMIC Loan Application Register LAR: MSA/MD 12540 BAKERSFIELD-DELANO, CA</subfield>
            </datafield>
            <datafield tag="505" ind1=" " ind2=" ">
              <subfield code="t">PMIC Loan Application Register LAR: MSA/MD 12580 BALTIMORE-TOWSON, MD</subfield>
            </datafield>
            <datafield tag="505" ind1=" " ind2=" ">
              <subfield code="t">PMIC Loan Application Register LAR: MSA/MD 12620 BANGOR, ME</subfield>
            </datafield>
            <datafield tag="505" ind1=" " ind2=" ">
              <subfield code="t">PMIC Loan Application Register LAR: MSA/MD 12700 BARNSTABLE TOWN, MA</subfield>
            </datafield>
            <datafield tag="505" ind1=" " ind2=" ">
              <subfield code="t">PMIC Loan Application Register LAR: MSA/MD 12940 BATON ROUGE, LA</subfield>
            </datafield>
            <datafield tag="505" ind1=" " ind2=" ">
              <subfield code="t">PMIC Loan Application Register LAR: MSA/MD 12980 BATTLE CREEK, MI</subfield>
            </datafield>
            <datafield tag="505" ind1=" " ind2=" ">
              <subfield code="t">PMIC Loan Application Register LAR: MSA/MD 13020 BAY CITY, MI</subfield>
            </datafield>
            <datafield tag="505" ind1=" " ind2=" ">
              <subfield code="t">PMIC Loan Application Register LAR: MSA/MD 13140 BEAUMONT-PORT ARTHUR, TX</subfield>
            </datafield>
            <datafield tag="505" ind1=" " ind2=" ">
              <subfield code="t">PMIC Loan Application Register LAR: MSA/MD 13380 BELLINGHAM, WA</subfield>
            </datafield>
            <datafield tag="505" ind1=" " ind2=" ">
              <subfield code="t">PMIC Loan Application Register LAR: MSA/MD 13460 BEND, OR</subfield>
            </datafield>
            <datafield tag="505" ind1=" " ind2=" ">
              <subfield code="t">PMIC Loan Application Register LAR: MSA/MD 13644 BETHESDA-ROCKVILLE-FREDERICK, MD</subfield>
            </datafield>
            <datafield tag="505" ind1=" " ind2=" ">
              <subfield code="t">PMIC Loan Application Register LAR: MSA/MD 13740 BILLINGS, MT</subfield>
            </datafield>
            <datafield tag="505" ind1=" " ind2=" ">
              <subfield code="t">PMIC Loan Application Register LAR: MSA/MD 13780 BINGHAMTON, NY</subfield>
            </datafield>
            <datafield tag="505" ind1=" " ind2=" ">
              <subfield code="t">PMIC Loan Application Register LAR: MSA/MD 13820 BIRMINGHAM-HOOVER, AL</subfield>
            </datafield>
            <datafield tag="505" ind1=" " ind2=" ">
              <subfield code="t">PMIC Loan Application Register LAR: MSA/MD 13900 BISMARCK, ND</subfield>
            </datafield>
            <datafield tag="505" ind1=" " ind2=" ">
              <subfield code="t">PMIC Loan Application Register LAR: MSA/MD 13980 BLACKSBURG-CHRISTIANSBURG-RADFORD, VA</subfield>
            </datafield>
            <datafield tag="505" ind1=" " ind2=" ">
              <subfield code="t">PMIC Loan Application Register LAR: MSA/MD 14020 BLOOMINGTON, IN</subfield>
            </datafield>
            <datafield tag="505" ind1=" " ind2=" ">
              <subfield code="t">PMIC Loan Application Register LAR: MSA/MD 14060 BLOOMINGTON-NORMAL, IL</subfield>
            </datafield>
            <datafield tag="505" ind1=" " ind2=" ">
              <subfield code="t">PMIC Loan Application Register LAR: MSA/MD 14260 BOISE CITY-NAMPA, ID</subfield>
            </datafield>
            <datafield tag="505" ind1=" " ind2=" ">
              <subfield code="t">PMIC Loan Application Register LAR: MSA/MD 14484 BOSTON-QUINCY, MA</subfield>
            </datafield>
            <datafield tag="505" ind1=" " ind2=" ">
              <subfield code="t">PMIC Loan Application Register LAR: MSA/MD 14500 BOULDER, CO</subfield>
            </datafield>
            <datafield tag="505" ind1=" " ind2=" ">
              <subfield code="t">PMIC Loan Application Register LAR: MSA/MD 14540 BOWLING GREEN, KY</subfield>
            </datafield>
            <datafield tag="505" ind1=" " ind2=" ">
              <subfield code="t">PMIC Loan Application Register LAR: MSA/MD 14740 BREMERTON-SILVERDALE, WA</subfield>
            </datafield>
            <datafield tag="505" ind1=" " ind2=" ">
              <subfield code="t">PMIC Loan Application Register LAR: MSA/MD 14860 BRIDGEPORT-STAMFORD-NORWALK, CT</subfield>
            </datafield>
            <datafield tag="505" ind1=" " ind2=" ">
              <subfield code="t">PMIC Loan Application Register LAR: MSA/MD 15180 BROWNSVILLE-HARLINGEN, TX</subfield>
            </datafield>
            <datafield tag="505" ind1=" " ind2=" ">
              <subfield code="t">PMIC Loan Application Register LAR: MSA/MD 15260 BRUNSWICK, GA</subfield>
            </datafield>
            <datafield tag="505" ind1=" " ind2=" ">
              <subfield code="t">PMIC Loan Application Register LAR: MSA/MD 15380 BUFFALO-NIAGARA FALLS, NY</subfield>
            </datafield>
            <datafield tag="505" ind1=" " ind2=" ">
              <subfield code="t">PMIC Loan Application Register LAR: MSA/MD 15500 BURLINGTON, NC</subfield>
            </datafield>
            <datafield tag="505" ind1=" " ind2=" ">
              <subfield code="t">PMIC Loan Application Register LAR: MSA/MD 15540 BURLINGTON-SOUTH BURLINGTON, VT</subfield>
            </datafield>
            <datafield tag="505" ind1=" " ind2=" ">
              <subfield code="t">PMIC Loan Application Register LAR: MSA/MD 15764 CAMBRIDGE-NEWTON-FRAMINGHAM, MA</subfield>
            </datafield>
            <datafield tag="505" ind1=" " ind2=" ">
              <subfield code="t">PMIC Loan Application Register LAR: MSA/MD 15804 CAMDEN, NJ</subfield>
            </datafield>
            <datafield tag="505" ind1=" " ind2=" ">
              <subfield code="t">PMIC Loan Application Register LAR: MSA/MD 15940 CANTON-MASSILLON, OH</subfield>
            </datafield>
            <datafield tag="505" ind1=" " ind2=" ">
              <subfield code="t">PMIC Loan Application Register LAR: MSA/MD 15980 CAPE CORAL-FORT MYERS, FL</subfield>
            </datafield>
            <datafield tag="505" ind1=" " ind2=" ">
              <subfield code="t">PMIC Loan Application Register LAR: MSA/MD 16020 CAPE GIRARDEAU-JACKSON, MO-IL</subfield>
            </datafield>
            <datafield tag="505" ind1=" " ind2=" ">
              <subfield code="t">PMIC Loan Application Register LAR: MSA/MD 16180 CARSON CITY, NV</subfield>
            </datafield>
            <datafield tag="505" ind1=" " ind2=" ">
              <subfield code="t">PMIC Loan Application Register LAR: MSA/MD 16220 CASPER, WY</subfield>
            </datafield>
            <datafield tag="505" ind1=" " ind2=" ">
              <subfield code="t">PMIC Loan Application Register LAR: MSA/MD 16300 CEDAR RAPIDS, IA</subfield>
            </datafield>
            <datafield tag="505" ind1=" " ind2=" ">
              <subfield code="t">PMIC Loan Application Register LAR: MSA/MD 16580 CHAMPAIGN-URBANA, IL</subfield>
            </datafield>
            <datafield tag="505" ind1=" " ind2=" ">
              <subfield code="t">PMIC Loan Application Register LAR: MSA/MD 16620 CHARLESTON, WV</subfield>
            </datafield>
            <datafield tag="505" ind1=" " ind2=" ">
              <subfield code="t">PMIC Loan Application Register LAR: MSA/MD 16700 CHARLESTON-NORTH CHARLESTON-SUMMERVILLE, SC</subfield>
            </datafield>
            <datafield tag="505" ind1=" " ind2=" ">
              <subfield code="t">PMIC Loan Application Register LAR: MSA/MD 16740 CHARLOTTE-GASTONIA-ROCK HILL, NC-SC</subfield>
            </datafield>
            <datafield tag="505" ind1=" " ind2=" ">
              <subfield code="t">PMIC Loan Application Register LAR: MSA/MD 16820 CHARLOTTESVILLE, VA</subfield>
            </datafield>
            <datafield tag="505" ind1=" " ind2=" ">
              <subfield code="t">PMIC Loan Application Register LAR: MSA/MD 16860 CHATTANOOGA, TN-GA</subfield>
            </datafield>
            <datafield tag="505" ind1=" " ind2=" ">
              <subfield code="t">PMIC Loan Application Register LAR: MSA/MD 16940 CHEYENNE, WY</subfield>
            </datafield>
            <datafield tag="505" ind1=" " ind2=" ">
              <subfield code="t">PMIC Loan Application Register LAR: MSA/MD 16974 CHICAGO-JOLIET-NAPERVILLE, IL</subfield>
            </datafield>
            <datafield tag="505" ind1=" " ind2=" ">
              <subfield code="t">PMIC Loan Application Register LAR: MSA/MD 17020 CHICO, CA</subfield>
            </datafield>
            <datafield tag="505" ind1=" " ind2=" ">
              <subfield code="t">PMIC Loan Application Register LAR: MSA/MD 17140 CINCINNATI-MIDDLETOWN, OH-KY-IN</subfield>
            </datafield>
            <datafield tag="505" ind1=" " ind2=" ">
              <subfield code="t">PMIC Loan Application Register LAR: MSA/MD 17300 CLARKSVILLE, TN-KY</subfield>
            </datafield>
            <datafield tag="505" ind1=" " ind2=" ">
              <subfield code="t">PMIC Loan Application Register LAR: MSA/MD 17420 CLEVELAND, TN</subfield>
            </datafield>
            <datafield tag="505" ind1=" " ind2=" ">
              <subfield code="t">PMIC Loan Application Register LAR: MSA/MD 17460 CLEVELAND-ELYRIA-MENTOR, OH</subfield>
            </datafield>
            <datafield tag="505" ind1=" " ind2=" ">
              <subfield code="t">PMIC Loan Application Register LAR: MSA/MD 17660 COEUR D'ALENE, ID</subfield>
            </datafield>
            <datafield tag="505" ind1=" " ind2=" ">
              <subfield code="t">PMIC Loan Application Register LAR: MSA/MD 17780 COLLEGE STATION-BRYAN, TX</subfield>
            </datafield>
            <datafield tag="505" ind1=" " ind2=" ">
              <subfield code="t">PMIC Loan Application Register LAR: MSA/MD 17820 COLORADO SPRINGS, CO</subfield>
            </datafield>
            <datafield tag="505" ind1=" " ind2=" ">
              <subfield code="t">PMIC Loan Application Register LAR: MSA/MD 17860 COLUMBIA, MO</subfield>
            </datafield>
            <datafield tag="505" ind1=" " ind2=" ">
              <subfield code="t">PMIC Loan Application Register LAR: MSA/MD 17900 COLUMBIA, SC</subfield>
            </datafield>
            <datafield tag="505" ind1=" " ind2=" ">
              <subfield code="t">PMIC Loan Application Register LAR: MSA/MD 17980 COLUMBUS, GA-AL</subfield>
            </datafield>
            <datafield tag="505" ind1=" " ind2=" ">
              <subfield code="t">PMIC Loan Application Register LAR: MSA/MD 18020 COLUMBUS, IN</subfield>
            </datafield>
            <datafield tag="505" ind1=" " ind2=" ">
              <subfield code="t">PMIC Loan Application Register LAR: MSA/MD 18140 COLUMBUS, OH</subfield>
            </datafield>
            <datafield tag="505" ind1=" " ind2=" ">
              <subfield code="t">PMIC Loan Application Register LAR: MSA/MD 18580 CORPUS CHRISTI, TX</subfield>
            </datafield>
            <datafield tag="505" ind1=" " ind2=" ">
              <subfield code="t">PMIC Loan Application Register LAR: MSA/MD 18700 CORVALLIS, OR</subfield>
            </datafield>
            <datafield tag="505" ind1=" " ind2=" ">
              <subfield code="t">PMIC Loan Application Register LAR: MSA/MD 18880 CRESTVIEW-FORT WALTON BEACH-DESTIN, FL</subfield>
            </datafield>
            <datafield tag="505" ind1=" " ind2=" ">
              <subfield code="t">PMIC Loan Application Register LAR: MSA/MD 19060 CUMBERLAND, MD-WV</subfield>
            </datafield>
            <datafield tag="505" ind1=" " ind2=" ">
              <subfield code="t">PMIC Loan Application Register LAR: MSA/MD 19124 DALLAS-PLANO-IRVING, TX</subfield>
            </datafield>
            <datafield tag="505" ind1=" " ind2=" ">
              <subfield code="t">PMIC Loan Application Register LAR: MSA/MD 19140 DALTON, GA</subfield>
            </datafield>
            <datafield tag="505" ind1=" " ind2=" ">
              <subfield code="t">PMIC Loan Application Register LAR: MSA/MD 19180 DANVILLE, IL</subfield>
            </datafield>
            <datafield tag="505" ind1=" " ind2=" ">
              <subfield code="t">PMIC Loan Application Register LAR: MSA/MD 19260 DANVILLE, VA</subfield>
            </datafield>
            <datafield tag="505" ind1=" " ind2=" ">
              <subfield code="t">PMIC Loan Application Register LAR: MSA/MD 19340 DAVENPORT-MOLINE-ROCK ISLAND, IA-IL</subfield>
            </datafield>
            <datafield tag="505" ind1=" " ind2=" ">
              <subfield code="t">PMIC Loan Application Register LAR: MSA/MD 19380 DAYTON, OH</subfield>
            </datafield>
            <datafield tag="505" ind1=" " ind2=" ">
              <subfield code="t">PMIC Loan Application Register LAR: MSA/MD 19460 DECATUR, AL</subfield>
            </datafield>
            <datafield tag="505" ind1=" " ind2=" ">
              <subfield code="t">PMIC Loan Application Register LAR: MSA/MD 19500 DECATUR, IL</subfield>
            </datafield>
            <datafield tag="505" ind1=" " ind2=" ">
              <subfield code="t">PMIC Loan Application Register LAR: MSA/MD 19660 DELTONA-DAYTONA BEACH-ORMOND BEACH, FL</subfield>
            </datafield>
            <datafield tag="505" ind1=" " ind2=" ">
              <subfield code="t">PMIC Loan Application Register LAR: MSA/MD 19740 DENVER-AURORA-BROOMFIELD, CO</subfield>
            </datafield>
            <datafield tag="505" ind1=" " ind2=" ">
              <subfield code="t">PMIC Loan Application Register LAR: MSA/MD 19780 DES MOINES-WEST DES MOINES, IA</subfield>
            </datafield>
            <datafield tag="505" ind1=" " ind2=" ">
              <subfield code="t">PMIC Loan Application Register LAR: MSA/MD 19804 DETROIT-LIVONIA-DEARBORN, MI</subfield>
            </datafield>
            <datafield tag="505" ind1=" " ind2=" ">
              <subfield code="t">PMIC Loan Application Register LAR: MSA/MD 20020 DOTHAN, AL</subfield>
            </datafield>
            <datafield tag="505" ind1=" " ind2=" ">
              <subfield code="t">PMIC Loan Application Register LAR: MSA/MD 20100 DOVER, DE</subfield>
            </datafield>
            <datafield tag="505" ind1=" " ind2=" ">
              <subfield code="t">PMIC Loan Application Register LAR: MSA/MD 20220 DUBUQUE, IA</subfield>
            </datafield>
            <datafield tag="505" ind1=" " ind2=" ">
              <subfield code="t">PMIC Loan Application Register LAR: MSA/MD 20260 DULUTH, MN-WI</subfield>
            </datafield>
            <datafield tag="505" ind1=" " ind2=" ">
              <subfield code="t">PMIC Loan Application Register LAR: MSA/MD 20500 DURHAM-CHAPEL HILL, NC</subfield>
            </datafield>
            <datafield tag="505" ind1=" " ind2=" ">
              <subfield code="t">PMIC Loan Application Register LAR: MSA/MD 20740 EAU CLAIRE, WI</subfield>
            </datafield>
            <datafield tag="505" ind1=" " ind2=" ">
              <subfield code="t">PMIC Loan Application Register LAR: MSA/MD 20764 EDISON-NEW BRUNSWICK, NJ</subfield>
            </datafield>
            <datafield tag="505" ind1=" " ind2=" ">
              <subfield code="t">PMIC Loan Application Register LAR: MSA/MD 20940 EL CENTRO, CA</subfield>
            </datafield>
            <datafield tag="505" ind1=" " ind2=" ">
              <subfield code="t">PMIC Loan Application Register LAR: MSA/MD 21060 ELIZABETHTOWN, KY</subfield>
            </datafield>
            <datafield tag="505" ind1=" " ind2=" ">
              <subfield code="t">PMIC Loan Application Register LAR: MSA/MD 21140 ELKHART-GOSHEN, IN</subfield>
            </datafield>
            <datafield tag="505" ind1=" " ind2=" ">
              <subfield code="t">PMIC Loan Application Register LAR: MSA/MD 21300 ELMIRA, NY</subfield>
            </datafield>
            <datafield tag="505" ind1=" " ind2=" ">
              <subfield code="t">PMIC Loan Application Register LAR: MSA/MD 21340 EL PASO, TX</subfield>
            </datafield>
            <datafield tag="505" ind1=" " ind2=" ">
              <subfield code="t">PMIC Loan Application Register LAR: MSA/MD 21500 ERIE, PA</subfield>
            </datafield>
            <datafield tag="505" ind1=" " ind2=" ">
              <subfield code="t">PMIC Loan Application Register LAR: MSA/MD 21660 EUGENE-SPRINGFIELD, OR</subfield>
            </datafield>
            <datafield tag="505" ind1=" " ind2=" ">
              <subfield code="t">PMIC Loan Application Register LAR: MSA/MD 21780 EVANSVILLE, IN-KY</subfield>
            </datafield>
            <datafield tag="505" ind1=" " ind2=" ">
              <subfield code="t">PMIC Loan Application Register LAR: MSA/MD 21820 FAIRBANKS, AK</subfield>
            </datafield>
            <datafield tag="505" ind1=" " ind2=" ">
              <subfield code="t">PMIC Loan Application Register LAR: MSA/MD 21940 FAJARDO, PR</subfield>
            </datafield>
            <datafield tag="505" ind1=" " ind2=" ">
              <subfield code="t">PMIC Loan Application Register LAR: MSA/MD 22020 FARGO, ND-MN</subfield>
            </datafield>
            <datafield tag="505" ind1=" " ind2=" ">
              <subfield code="t">PMIC Loan Application Register LAR: MSA/MD 22140 FARMINGTON, NM</subfield>
            </datafield>
            <datafield tag="505" ind1=" " ind2=" ">
              <subfield code="t">PMIC Loan Application Register LAR: MSA/MD 22180 FAYETTEVILLE, NC</subfield>
            </datafield>
            <datafield tag="505" ind1=" " ind2=" ">
              <subfield code="t">PMIC Loan Application Register LAR: MSA/MD 22220 FAYETTEVILLE-SPRINGDALE-ROGERS, AR-MO</subfield>
            </datafield>
            <datafield tag="505" ind1=" " ind2=" ">
              <subfield code="t">PMIC Loan Application Register LAR: MSA/MD 22380 FLAGSTAFF, AZ</subfield>
            </datafield>
            <datafield tag="505" ind1=" " ind2=" ">
              <subfield code="t">PMIC Loan Application Register LAR: MSA/MD 22420 FLINT, MI</subfield>
            </datafield>
            <datafield tag="505" ind1=" " ind2=" ">
              <subfield code="t">PMIC Loan Application Register LAR: MSA/MD 22500 FLORENCE, SC</subfield>
            </datafield>
            <datafield tag="505" ind1=" " ind2=" ">
              <subfield code="t">PMIC Loan Application Register LAR: MSA/MD 22520 FLORENCE-MUSCLE SHOALS, AL</subfield>
            </datafield>
            <datafield tag="505" ind1=" " ind2=" ">
              <subfield code="t">PMIC Loan Application Register LAR: MSA/MD 22540 FOND DU LAC, WI</subfield>
            </datafield>
            <datafield tag="505" ind1=" " ind2=" ">
              <subfield code="t">PMIC Loan Application Register LAR: MSA/MD 22660 FORT COLLINS-LOVELAND, CO</subfield>
            </datafield>
            <datafield tag="505" ind1=" " ind2=" ">
              <subfield code="t">PMIC Loan Application Register LAR: MSA/MD 22744 FORT LAUDERDALE-POMPANO BEACH-DEERFIELD BEACH, FL</subfield>
            </datafield>
            <datafield tag="505" ind1=" " ind2=" ">
              <subfield code="t">PMIC Loan Application Register LAR: MSA/MD 22900 FORT SMITH, AR-OK</subfield>
            </datafield>
            <datafield tag="505" ind1=" " ind2=" ">
              <subfield code="t">PMIC Loan Application Register LAR: MSA/MD 23060 FORT WAYNE, IN</subfield>
            </datafield>
            <datafield tag="505" ind1=" " ind2=" ">
              <subfield code="t">PMIC Loan Application Register LAR: MSA/MD 23104 FORT WORTH-ARLINGTON, TX</subfield>
            </datafield>
            <datafield tag="505" ind1=" " ind2=" ">
              <subfield code="t">PMIC Loan Application Register LAR: MSA/MD 23420 FRESNO, CA</subfield>
            </datafield>
            <datafield tag="505" ind1=" " ind2=" ">
              <subfield code="t">PMIC Loan Application Register LAR: MSA/MD 23460 GADSDEN, AL</subfield>
            </datafield>
            <datafield tag="505" ind1=" " ind2=" ">
              <subfield code="t">PMIC Loan Application Register LAR: MSA/MD 23540 GAINESVILLE, FL</subfield>
            </datafield>
            <datafield tag="505" ind1=" " ind2=" ">
              <subfield code="t">PMIC Loan Application Register LAR: MSA/MD 23580 GAINESVILLE, GA</subfield>
            </datafield>
            <datafield tag="505" ind1=" " ind2=" ">
              <subfield code="t">PMIC Loan Application Register LAR: MSA/MD 23844 GARY, IN</subfield>
            </datafield>
            <datafield tag="505" ind1=" " ind2=" ">
              <subfield code="t">PMIC Loan Application Register LAR: MSA/MD 24020 GLENS FALLS, NY</subfield>
            </datafield>
            <datafield tag="505" ind1=" " ind2=" ">
              <subfield code="t">PMIC Loan Application Register LAR: MSA/MD 24140 GOLDSBORO, NC</subfield>
            </datafield>
            <datafield tag="505" ind1=" " ind2=" ">
              <subfield code="t">PMIC Loan Application Register LAR: MSA/MD 24220 GRAND FORKS, ND-MN</subfield>
            </datafield>
            <datafield tag="505" ind1=" " ind2=" ">
              <subfield code="t">PMIC Loan Application Register LAR: MSA/MD 24300 GRAND JUNCTION, CO</subfield>
            </datafield>
            <datafield tag="505" ind1=" " ind2=" ">
              <subfield code="t">PMIC Loan Application Register LAR: MSA/MD 24340 GRAND RAPIDS-WYOMING, MI</subfield>
            </datafield>
            <datafield tag="505" ind1=" " ind2=" ">
              <subfield code="t">PMIC Loan Application Register LAR: MSA/MD 24500 GREAT FALLS, MT</subfield>
            </datafield>
            <datafield tag="505" ind1=" " ind2=" ">
              <subfield code="t">PMIC Loan Application Register LAR: MSA/MD 24540 GREELEY, CO</subfield>
            </datafield>
            <datafield tag="505" ind1=" " ind2=" ">
              <subfield code="t">PMIC Loan Application Register LAR: MSA/MD 24580 GREEN BAY, WI</subfield>
            </datafield>
            <datafield tag="505" ind1=" " ind2=" ">
              <subfield code="t">PMIC Loan Application Register LAR: MSA/MD 24660 GREENSBORO-HIGH POINT, NC</subfield>
            </datafield>
            <datafield tag="505" ind1=" " ind2=" ">
              <subfield code="t">PMIC Loan Application Register LAR: MSA/MD 24780 GREENVILLE, NC</subfield>
            </datafield>
            <datafield tag="505" ind1=" " ind2=" ">
              <subfield code="t">PMIC Loan Application Register LAR: MSA/MD 24860 GREENVILLE-MAULDIN-EASLEY, SC</subfield>
            </datafield>
            <datafield tag="505" ind1=" " ind2=" ">
              <subfield code="t">PMIC Loan Application Register LAR: MSA/MD 25020 GUAYAMA, PR</subfield>
            </datafield>
            <datafield tag="505" ind1=" " ind2=" ">
              <subfield code="t">PMIC Loan Application Register LAR: MSA/MD 25060 GULFPORT-BILOXI, MS</subfield>
            </datafield>
            <datafield tag="505" ind1=" " ind2=" ">
              <subfield code="t">PMIC Loan Application Register LAR: MSA/MD 25180 HAGERSTOWN-MARTINSBURG, MD-WV</subfield>
            </datafield>
            <datafield tag="505" ind1=" " ind2=" ">
              <subfield code="t">PMIC Loan Application Register LAR: MSA/MD 25260 HANFORD-CORCORAN, CA</subfield>
            </datafield>
            <datafield tag="505" ind1=" " ind2=" ">
              <subfield code="t">PMIC Loan Application Register LAR: MSA/MD 25420 HARRISBURG-CARLISLE, PA</subfield>
            </datafield>
            <datafield tag="505" ind1=" " ind2=" ">
              <subfield code="t">PMIC Loan Application Register LAR: MSA/MD 25500 HARRISONBURG, VA</subfield>
            </datafield>
            <datafield tag="505" ind1=" " ind2=" ">
              <subfield code="t">PMIC Loan Application Register LAR: MSA/MD 25540 HARTFORD-WEST HARTFORD-EAST HARTFORD, CT</subfield>
            </datafield>
            <datafield tag="505" ind1=" " ind2=" ">
              <subfield code="t">PMIC Loan Application Register LAR: MSA/MD 25620 HATTIESBURG, MS</subfield>
            </datafield>
            <datafield tag="505" ind1=" " ind2=" ">
              <subfield code="t">PMIC Loan Application Register LAR: MSA/MD 25860 HICKORY-LENOIR-MORGANTON, NC</subfield>
            </datafield>
            <datafield tag="505" ind1=" " ind2=" ">
              <subfield code="t">PMIC Loan Application Register LAR: MSA/MD 25980 HINESVILLE-FORT STEWART, GA</subfield>
            </datafield>
            <datafield tag="505" ind1=" " ind2=" ">
              <subfield code="t">PMIC Loan Application Register LAR: MSA/MD 26100 HOLLAND-GRAND HAVEN, MI</subfield>
            </datafield>
            <datafield tag="505" ind1=" " ind2=" ">
              <subfield code="t">PMIC Loan Application Register LAR: MSA/MD 26180 HONOLULU, HI</subfield>
            </datafield>
            <datafield tag="505" ind1=" " ind2=" ">
              <subfield code="t">PMIC Loan Application Register LAR: MSA/MD 26300 HOT SPRINGS, AR</subfield>
            </datafield>
            <datafield tag="505" ind1=" " ind2=" ">
              <subfield code="t">PMIC Loan Application Register LAR: MSA/MD 26380 HOUMA-BAYOU CANE-THIBODAUX, LA</subfield>
            </datafield>
            <datafield tag="505" ind1=" " ind2=" ">
              <subfield code="t">PMIC Loan Application Register LAR: MSA/MD 26420 HOUSTON-SUGAR LAND-BAYTOWN, TX</subfield>
            </datafield>
            <datafield tag="505" ind1=" " ind2=" ">
              <subfield code="t">PMIC Loan Application Register LAR: MSA/MD 26580 HUNTINGTON-ASHLAND, WV-KY-OH</subfield>
            </datafield>
            <datafield tag="505" ind1=" " ind2=" ">
              <subfield code="t">PMIC Loan Application Register LAR: MSA/MD 26620 HUNTSVILLE, AL</subfield>
            </datafield>
            <datafield tag="505" ind1=" " ind2=" ">
              <subfield code="t">PMIC Loan Application Register LAR: MSA/MD 26820 IDAHO FALLS, ID</subfield>
            </datafield>
            <datafield tag="505" ind1=" " ind2=" ">
              <subfield code="t">PMIC Loan Application Register LAR: MSA/MD 26900 INDIANAPOLIS-CARMEL, IN</subfield>
            </datafield>
            <datafield tag="505" ind1=" " ind2=" ">
              <subfield code="t">PMIC Loan Application Register LAR: MSA/MD 26980 IOWA CITY, IA</subfield>
            </datafield>
            <datafield tag="505" ind1=" " ind2=" ">
              <subfield code="t">PMIC Loan Application Register LAR: MSA/MD 27060 ITHACA, NY</subfield>
            </datafield>
            <datafield tag="505" ind1=" " ind2=" ">
              <subfield code="t">PMIC Loan Application Register LAR: MSA/MD 27100 JACKSON, MI</subfield>
            </datafield>
            <datafield tag="505" ind1=" " ind2=" ">
              <subfield code="t">PMIC Loan Application Register LAR: MSA/MD 27140 JACKSON, MS</subfield>
            </datafield>
            <datafield tag="505" ind1=" " ind2=" ">
              <subfield code="t">PMIC Loan Application Register LAR: MSA/MD 27180 JACKSON, TN</subfield>
            </datafield>
            <datafield tag="505" ind1=" " ind2=" ">
              <subfield code="t">PMIC Loan Application Register LAR: MSA/MD 27260 JACKSONVILLE, FL</subfield>
            </datafield>
            <datafield tag="505" ind1=" " ind2=" ">
              <subfield code="t">PMIC Loan Application Register LAR: MSA/MD 27340 JACKSONVILLE, NC</subfield>
            </datafield>
            <datafield tag="505" ind1=" " ind2=" ">
              <subfield code="t">PMIC Loan Application Register LAR: MSA/MD 27500 JANESVILLE, WI</subfield>
            </datafield>
            <datafield tag="505" ind1=" " ind2=" ">
              <subfield code="t">PMIC Loan Application Register LAR: MSA/MD 27620 JEFFERSON CITY, MO</subfield>
            </datafield>
            <datafield tag="505" ind1=" " ind2=" ">
              <subfield code="t">PMIC Loan Application Register LAR: MSA/MD 27740 JOHNSON CITY, TN</subfield>
            </datafield>
            <datafield tag="505" ind1=" " ind2=" ">
              <subfield code="t">PMIC Loan Application Register LAR: MSA/MD 27780 JOHNSTOWN, PA</subfield>
            </datafield>
            <datafield tag="505" ind1=" " ind2=" ">
              <subfield code="t">PMIC Loan Application Register LAR: MSA/MD 27860 JONESBORO, AR</subfield>
            </datafield>
            <datafield tag="505" ind1=" " ind2=" ">
              <subfield code="t">PMIC Loan Application Register LAR: MSA/MD 27900 JOPLIN, MO</subfield>
            </datafield>
            <datafield tag="505" ind1=" " ind2=" ">
              <subfield code="t">PMIC Loan Application Register LAR: MSA/MD 28020 KALAMAZOO-PORTAGE, MI</subfield>
            </datafield>
            <datafield tag="505" ind1=" " ind2=" ">
              <subfield code="t">PMIC Loan Application Register LAR: MSA/MD 28100 KANKAKEE-BRADLEY, IL</subfield>
            </datafield>
            <datafield tag="505" ind1=" " ind2=" ">
              <subfield code="t">PMIC Loan Application Register LAR: MSA/MD 28140 KANSAS CITY, MO-KS</subfield>
            </datafield>
            <datafield tag="505" ind1=" " ind2=" ">
              <subfield code="t">PMIC Loan Application Register LAR: MSA/MD 28420 KENNEWICK-PASCO-RICHLAND, WA</subfield>
            </datafield>
            <datafield tag="505" ind1=" " ind2=" ">
              <subfield code="t">PMIC Loan Application Register LAR: MSA/MD 28660 KILLEEN-TEMPLE-FORT HOOD, TX</subfield>
            </datafield>
            <datafield tag="505" ind1=" " ind2=" ">
              <subfield code="t">PMIC Loan Application Register LAR: MSA/MD 28700 KINGSPORT-BRISTOL-BRISTOL, TN-VA</subfield>
            </datafield>
            <datafield tag="505" ind1=" " ind2=" ">
              <subfield code="t">PMIC Loan Application Register LAR: MSA/MD 28740 KINGSTON, NY</subfield>
            </datafield>
            <datafield tag="505" ind1=" " ind2=" ">
              <subfield code="t">PMIC Loan Application Register LAR: MSA/MD 28940 KNOXVILLE, TN</subfield>
            </datafield>
            <datafield tag="505" ind1=" " ind2=" ">
              <subfield code="t">PMIC Loan Application Register LAR: MSA/MD 29020 KOKOMO, IN</subfield>
            </datafield>
            <datafield tag="505" ind1=" " ind2=" ">
              <subfield code="t">PMIC Loan Application Register LAR: MSA/MD 29100 LA CROSSE, WI-MN</subfield>
            </datafield>
            <datafield tag="505" ind1=" " ind2=" ">
              <subfield code="t">PMIC Loan Application Register LAR: MSA/MD 29140 LAFAYETTE, IN</subfield>
            </datafield>
            <datafield tag="505" ind1=" " ind2=" ">
              <subfield code="t">PMIC Loan Application Register LAR: MSA/MD 29180 LAFAYETTE, LA</subfield>
            </datafield>
            <datafield tag="505" ind1=" " ind2=" ">
              <subfield code="t">PMIC Loan Application Register LAR: MSA/MD 29340 LAKE CHARLES, LA</subfield>
            </datafield>
            <datafield tag="505" ind1=" " ind2=" ">
              <subfield code="t">PMIC Loan Application Register LAR: MSA/MD 29404 LAKE COUNTY-KENOSHA COUNTY, IL-WI</subfield>
            </datafield>
            <datafield tag="505" ind1=" " ind2=" ">
              <subfield code="t">PMIC Loan Application Register LAR: MSA/MD 29420 LAKE HAVASU CITY-KINGMAN, AZ</subfield>
            </datafield>
            <datafield tag="505" ind1=" " ind2=" ">
              <subfield code="t">PMIC Loan Application Register LAR: MSA/MD 29460 LAKELAND-WINTER HAVEN, FL</subfield>
            </datafield>
            <datafield tag="505" ind1=" " ind2=" ">
              <subfield code="t">PMIC Loan Application Register LAR: MSA/MD 29540 LANCASTER, PA</subfield>
            </datafield>
            <datafield tag="505" ind1=" " ind2=" ">
              <subfield code="t">PMIC Loan Application Register LAR: MSA/MD 29620 LANSING-EAST LANSING, MI</subfield>
            </datafield>
            <datafield tag="505" ind1=" " ind2=" ">
              <subfield code="t">PMIC Loan Application Register LAR: MSA/MD 29700 LAREDO, TX</subfield>
            </datafield>
            <datafield tag="505" ind1=" " ind2=" ">
              <subfield code="t">PMIC Loan Application Register LAR: MSA/MD 29740 LAS CRUCES, NM</subfield>
            </datafield>
            <datafield tag="505" ind1=" " ind2=" ">
              <subfield code="t">PMIC Loan Application Register LAR: MSA/MD 29820 LAS VEGAS-PARADISE, NV</subfield>
            </datafield>
            <datafield tag="505" ind1=" " ind2=" ">
              <subfield code="t">PMIC Loan Application Register LAR: MSA/MD 29940 LAWRENCE, KS</subfield>
            </datafield>
            <datafield tag="505" ind1=" " ind2=" ">
              <subfield code="t">PMIC Loan Application Register LAR: MSA/MD 30020 LAWTON, OK</subfield>
            </datafield>
            <datafield tag="505" ind1=" " ind2=" ">
              <subfield code="t">PMIC Loan Application Register LAR: MSA/MD 30140 LEBANON, PA</subfield>
            </datafield>
            <datafield tag="505" ind1=" " ind2=" ">
              <subfield code="t">PMIC Loan Application Register LAR: MSA/MD 30300 LEWISTON, ID-WA</subfield>
            </datafield>
            <datafield tag="505" ind1=" " ind2=" ">
              <subfield code="t">PMIC Loan Application Register LAR: MSA/MD 30340 LEWISTON-AUBURN, ME</subfield>
            </datafield>
            <datafield tag="505" ind1=" " ind2=" ">
              <subfield code="t">PMIC Loan Application Register LAR: MSA/MD 30460 LEXINGTON-FAYETTE, KY</subfield>
            </datafield>
            <datafield tag="505" ind1=" " ind2=" ">
              <subfield code="t">PMIC Loan Application Register LAR: MSA/MD 30620 LIMA, OH</subfield>
            </datafield>
            <datafield tag="505" ind1=" " ind2=" ">
              <subfield code="t">PMIC Loan Application Register LAR: MSA/MD 30700 LINCOLN, NE</subfield>
            </datafield>
            <datafield tag="505" ind1=" " ind2=" ">
              <subfield code="t">PMIC Loan Application Register LAR: MSA/MD 30780 LITTLE ROCK-NORTH LITTLE ROCK-CONWAY, AR</subfield>
            </datafield>
            <datafield tag="505" ind1=" " ind2=" ">
              <subfield code="t">PMIC Loan Application Register LAR: MSA/MD 30860 LOGAN, UT-ID</subfield>
            </datafield>
            <datafield tag="505" ind1=" " ind2=" ">
              <subfield code="t">PMIC Loan Application Register LAR: MSA/MD 30980 LONGVIEW, TX</subfield>
            </datafield>
            <datafield tag="505" ind1=" " ind2=" ">
              <subfield code="t">PMIC Loan Application Register LAR: MSA/MD 31020 LONGVIEW, WA</subfield>
            </datafield>
            <datafield tag="505" ind1=" " ind2=" ">
              <subfield code="t">PMIC Loan Application Register LAR: MSA/MD 31084 LOS ANGELES-LONG BEACH-GLENDALE, CA</subfield>
            </datafield>
            <datafield tag="505" ind1=" " ind2=" ">
              <subfield code="t">PMIC Loan Application Register LAR: MSA/MD 31140 LOUISVILLE-JEFFERSON COUNTY, KY-IN</subfield>
            </datafield>
            <datafield tag="505" ind1=" " ind2=" ">
              <subfield code="t">PMIC Loan Application Register LAR: MSA/MD 31180 LUBBOCK, TX</subfield>
            </datafield>
            <datafield tag="505" ind1=" " ind2=" ">
              <subfield code="t">PMIC Loan Application Register LAR: MSA/MD 31340 LYNCHBURG, VA</subfield>
            </datafield>
            <datafield tag="505" ind1=" " ind2=" ">
              <subfield code="t">PMIC Loan Application Register LAR: MSA/MD 31420 MACON, GA</subfield>
            </datafield>
            <datafield tag="505" ind1=" " ind2=" ">
              <subfield code="t">PMIC Loan Application Register LAR: MSA/MD 31460 MADERA-CHOWCHILLA, CA</subfield>
            </datafield>
            <datafield tag="505" ind1=" " ind2=" ">
              <subfield code="t">PMIC Loan Application Register LAR: MSA/MD 31540 MADISON, WI</subfield>
            </datafield>
            <datafield tag="505" ind1=" " ind2=" ">
              <subfield code="t">PMIC Loan Application Register LAR: MSA/MD 31700 MANCHESTER-NASHUA, NH</subfield>
            </datafield>
            <datafield tag="505" ind1=" " ind2=" ">
              <subfield code="t">PMIC Loan Application Register LAR: MSA/MD 31740 MANHATTAN, KS</subfield>
            </datafield>
            <datafield tag="505" ind1=" " ind2=" ">
              <subfield code="t">PMIC Loan Application Register LAR: MSA/MD 31860 MANKATO-NORTH MANKATO, MN</subfield>
            </datafield>
            <datafield tag="505" ind1=" " ind2=" ">
              <subfield code="t">PMIC Loan Application Register LAR: MSA/MD 31900 MANSFIELD, OH</subfield>
            </datafield>
            <datafield tag="505" ind1=" " ind2=" ">
              <subfield code="t">PMIC Loan Application Register LAR: MSA/MD 32420 MAYAGUEZ, PR</subfield>
            </datafield>
            <datafield tag="505" ind1=" " ind2=" ">
              <subfield code="t">PMIC Loan Application Register LAR: MSA/MD 32580 MCALLEN-EDINBURG-MISSION, TX</subfield>
            </datafield>
            <datafield tag="505" ind1=" " ind2=" ">
              <subfield code="t">PMIC Loan Application Register LAR: MSA/MD 32780 MEDFORD, OR</subfield>
            </datafield>
            <datafield tag="505" ind1=" " ind2=" ">
              <subfield code="t">PMIC Loan Application Register LAR: MSA/MD 32820 MEMPHIS, TN-MS-AR</subfield>
            </datafield>
            <datafield tag="505" ind1=" " ind2=" ">
              <subfield code="t">PMIC Loan Application Register LAR: MSA/MD 32900 MERCED, CA</subfield>
            </datafield>
            <datafield tag="505" ind1=" " ind2=" ">
              <subfield code="t">PMIC Loan Application Register LAR: MSA/MD 33124 MIAMI-MIAMI BEACH-KENDALL, FL</subfield>
            </datafield>
            <datafield tag="505" ind1=" " ind2=" ">
              <subfield code="t">PMIC Loan Application Register LAR: MSA/MD 33140 MICHIGAN CITY-LA PORTE, IN</subfield>
            </datafield>
            <datafield tag="505" ind1=" " ind2=" ">
              <subfield code="t">PMIC Loan Application Register LAR: MSA/MD 33260 MIDLAND, TX</subfield>
            </datafield>
            <datafield tag="505" ind1=" " ind2=" ">
              <subfield code="t">PMIC Loan Application Register LAR: MSA/MD 33340 MILWAUKEE-WAUKESHA-WEST ALLIS, WI</subfield>
            </datafield>
            <datafield tag="505" ind1=" " ind2=" ">
              <subfield code="t">PMIC Loan Application Register LAR: MSA/MD 33460 MINNEAPOLIS-ST. PAUL-BLOOMINGTON, MN-WI</subfield>
            </datafield>
            <datafield tag="505" ind1=" " ind2=" ">
              <subfield code="t">PMIC Loan Application Register LAR: MSA/MD 33540 MISSOULA, MT</subfield>
            </datafield>
            <datafield tag="505" ind1=" " ind2=" ">
              <subfield code="t">PMIC Loan Application Register LAR: MSA/MD 33660 MOBILE, AL</subfield>
            </datafield>
            <datafield tag="505" ind1=" " ind2=" ">
              <subfield code="t">PMIC Loan Application Register LAR: MSA/MD 33700 MODESTO, CA</subfield>
            </datafield>
            <datafield tag="505" ind1=" " ind2=" ">
              <subfield code="t">PMIC Loan Application Register LAR: MSA/MD 33740 MONROE, LA</subfield>
            </datafield>
            <datafield tag="505" ind1=" " ind2=" ">
              <subfield code="t">PMIC Loan Application Register LAR: MSA/MD 33780 MONROE, MI</subfield>
            </datafield>
            <datafield tag="505" ind1=" " ind2=" ">
              <subfield code="t">PMIC Loan Application Register LAR: MSA/MD 33860 MONTGOMERY, AL</subfield>
            </datafield>
            <datafield tag="505" ind1=" " ind2=" ">
              <subfield code="t">PMIC Loan Application Register LAR: MSA/MD 34060 MORGANTOWN, WV</subfield>
            </datafield>
            <datafield tag="505" ind1=" " ind2=" ">
              <subfield code="t">PMIC Loan Application Register LAR: MSA/MD 34100 MORRISTOWN, TN</subfield>
            </datafield>
            <datafield tag="505" ind1=" " ind2=" ">
              <subfield code="t">PMIC Loan Application Register LAR: MSA/MD 34580 MOUNT VERNON-ANACORTES, WA</subfield>
            </datafield>
            <datafield tag="505" ind1=" " ind2=" ">
              <subfield code="t">PMIC Loan Application Register LAR: MSA/MD 34620 MUNCIE, IN</subfield>
            </datafield>
            <datafield tag="505" ind1=" " ind2=" ">
              <subfield code="t">PMIC Loan Application Register LAR: MSA/MD 34740 MUSKEGON-NORTON SHORES, MI</subfield>
            </datafield>
            <datafield tag="505" ind1=" " ind2=" ">
              <subfield code="t">PMIC Loan Application Register LAR: MSA/MD 34820 MYRTLE BEACH-NORTH MYRTLE BEACH-CONWAY, SC</subfield>
            </datafield>
            <datafield tag="505" ind1=" " ind2=" ">
              <subfield code="t">PMIC Loan Application Register LAR: MSA/MD 34900 NAPA, CA</subfield>
            </datafield>
            <datafield tag="505" ind1=" " ind2=" ">
              <subfield code="t">PMIC Loan Application Register LAR: MSA/MD 34940 NAPLES-MARCO ISLAND, FL</subfield>
            </datafield>
            <datafield tag="505" ind1=" " ind2=" ">
              <subfield code="t">PMIC Loan Application Register LAR: MSA/MD 34980 NASHVILLE-DAVIDSON--MURFREESBORO--FRANKLIN, TN</subfield>
            </datafield>
            <datafield tag="505" ind1=" " ind2=" ">
              <subfield code="t">PMIC Loan Application Register LAR: MSA/MD 35004 NASSAU-SUFFOLK, NY</subfield>
            </datafield>
            <datafield tag="505" ind1=" " ind2=" ">
              <subfield code="t">PMIC Loan Application Register LAR: MSA/MD 35084 NEWARK-UNION, NJ-PA</subfield>
            </datafield>
            <datafield tag="505" ind1=" " ind2=" ">
              <subfield code="t">PMIC Loan Application Register LAR: MSA/MD 35300 NEW HAVEN-MILFORD, CT</subfield>
            </datafield>
            <datafield tag="505" ind1=" " ind2=" ">
              <subfield code="t">PMIC Loan Application Register LAR: MSA/MD 35380 NEW ORLEANS-METAIRIE-KENNER, LA</subfield>
            </datafield>
            <datafield tag="505" ind1=" " ind2=" ">
              <subfield code="t">PMIC Loan Application Register LAR: MSA/MD 35644 NEW YORK-WHITE PLAINS-WAYNE, NY-NJ</subfield>
            </datafield>
            <datafield tag="505" ind1=" " ind2=" ">
              <subfield code="t">PMIC Loan Application Register LAR: MSA/MD 35660 NILES-BENTON HARBOR, MI</subfield>
            </datafield>
            <datafield tag="505" ind1=" " ind2=" ">
              <subfield code="t">PMIC Loan Application Register LAR: MSA/MD 35840 NORTH PORT-BRADENTON-SARASOTA, FL</subfield>
            </datafield>
            <datafield tag="505" ind1=" " ind2=" ">
              <subfield code="t">PMIC Loan Application Register LAR: MSA/MD 35980 NORWICH-NEW LONDON, CT</subfield>
            </datafield>
            <datafield tag="505" ind1=" " ind2=" ">
              <subfield code="t">PMIC Loan Application Register LAR: MSA/MD 36084 OAKLAND-FREMONT-HAYWARD, CA</subfield>
            </datafield>
            <datafield tag="505" ind1=" " ind2=" ">
              <subfield code="t">PMIC Loan Application Register LAR: MSA/MD 36100 OCALA, FL</subfield>
            </datafield>
            <datafield tag="505" ind1=" " ind2=" ">
              <subfield code="t">PMIC Loan Application Register LAR: MSA/MD 36140 OCEAN CITY, NJ</subfield>
            </datafield>
            <datafield tag="505" ind1=" " ind2=" ">
              <subfield code="t">PMIC Loan Application Register LAR: MSA/MD 36220 ODESSA, TX</subfield>
            </datafield>
            <datafield tag="505" ind1=" " ind2=" ">
              <subfield code="t">PMIC Loan Application Register LAR: MSA/MD 36260 OGDEN-CLEARFIELD, UT</subfield>
            </datafield>
            <datafield tag="505" ind1=" " ind2=" ">
              <subfield code="t">PMIC Loan Application Register LAR: MSA/MD 36420 OKLAHOMA CITY, OK</subfield>
            </datafield>
            <datafield tag="505" ind1=" " ind2=" ">
              <subfield code="t">PMIC Loan Application Register LAR: MSA/MD 36500 OLYMPIA, WA</subfield>
            </datafield>
            <datafield tag="505" ind1=" " ind2=" ">
              <subfield code="t">PMIC Loan Application Register LAR: MSA/MD 36540 OMAHA-COUNCIL BLUFFS, NE-IA</subfield>
            </datafield>
            <datafield tag="505" ind1=" " ind2=" ">
              <subfield code="t">PMIC Loan Application Register LAR: MSA/MD 36740 ORLANDO-KISSIMMEE-SANFORD, FL</subfield>
            </datafield>
            <datafield tag="505" ind1=" " ind2=" ">
              <subfield code="t">PMIC Loan Application Register LAR: MSA/MD 36780 OSHKOSH-NEENAH, WI</subfield>
            </datafield>
            <datafield tag="505" ind1=" " ind2=" ">
              <subfield code="t">PMIC Loan Application Register LAR: MSA/MD 36980 OWENSBORO, KY</subfield>
            </datafield>
            <datafield tag="505" ind1=" " ind2=" ">
              <subfield code="t">PMIC Loan Application Register LAR: MSA/MD 37100 OXNARD-THOUSAND OAKS-VENTURA, CA</subfield>
            </datafield>
            <datafield tag="505" ind1=" " ind2=" ">
              <subfield code="t">PMIC Loan Application Register LAR: MSA/MD 37340 PALM BAY-MELBOURNE-TITUSVILLE, FL</subfield>
            </datafield>
            <datafield tag="505" ind1=" " ind2=" ">
              <subfield code="t">PMIC Loan Application Register LAR: MSA/MD 37380 PALM COAST, FL</subfield>
            </datafield>
            <datafield tag="505" ind1=" " ind2=" ">
              <subfield code="t">PMIC Loan Application Register LAR: MSA/MD 37460 PANAMA CITY-LYNN HAVEN-PANAMA CITY BEACH, FL</subfield>
            </datafield>
            <datafield tag="505" ind1=" " ind2=" ">
              <subfield code="t">PMIC Loan Application Register LAR: MSA/MD 37620 PARKERSBURG-MARIETTA-VIENNA, WV-OH</subfield>
            </datafield>
            <datafield tag="505" ind1=" " ind2=" ">
              <subfield code="t">PMIC Loan Application Register LAR: MSA/MD 37700 PASCAGOULA, MS</subfield>
            </datafield>
            <datafield tag="505" ind1=" " ind2=" ">
              <subfield code="t">PMIC Loan Application Register LAR: MSA/MD 37764 PEABODY, MA</subfield>
            </datafield>
            <datafield tag="505" ind1=" " ind2=" ">
              <subfield code="t">PMIC Loan Application Register LAR: MSA/MD 37860 PENSACOLA-FERRY PASS-BRENT, FL</subfield>
            </datafield>
            <datafield tag="505" ind1=" " ind2=" ">
              <subfield code="t">PMIC Loan Application Register LAR: MSA/MD 37900 PEORIA, IL</subfield>
            </datafield>
            <datafield tag="505" ind1=" " ind2=" ">
              <subfield code="t">PMIC Loan Application Register LAR: MSA/MD 37964 PHILADELPHIA, PA</subfield>
            </datafield>
            <datafield tag="505" ind1=" " ind2=" ">
              <subfield code="t">PMIC Loan Application Register LAR: MSA/MD 38060 PHOENIX-MESA-GLENDALE, AZ</subfield>
            </datafield>
            <datafield tag="505" ind1=" " ind2=" ">
              <subfield code="t">PMIC Loan Application Register LAR: MSA/MD 38220 PINE BLUFF, AR</subfield>
            </datafield>
            <datafield tag="505" ind1=" " ind2=" ">
              <subfield code="t">PMIC Loan Application Register LAR: MSA/MD 38300 PITTSBURGH, PA</subfield>
            </datafield>
            <datafield tag="505" ind1=" " ind2=" ">
              <subfield code="t">PMIC Loan Application Register LAR: MSA/MD 38340 PITTSFIELD, MA</subfield>
            </datafield>
            <datafield tag="505" ind1=" " ind2=" ">
              <subfield code="t">PMIC Loan Application Register LAR: MSA/MD 38540 POCATELLO, ID</subfield>
            </datafield>
            <datafield tag="505" ind1=" " ind2=" ">
              <subfield code="t">PMIC Loan Application Register LAR: MSA/MD 38660 PONCE, PR</subfield>
            </datafield>
            <datafield tag="505" ind1=" " ind2=" ">
              <subfield code="t">PMIC Loan Application Register LAR: MSA/MD 38860 PORTLAND-SOUTH PORTLAND-BIDDEFORD, ME</subfield>
            </datafield>
            <datafield tag="505" ind1=" " ind2=" ">
              <subfield code="t">PMIC Loan Application Register LAR: MSA/MD 38900 PORTLAND-VANCOUVER-HILLSBORO, OR-WA</subfield>
            </datafield>
            <datafield tag="505" ind1=" " ind2=" ">
              <subfield code="t">PMIC Loan Application Register LAR: MSA/MD 38940 PORT ST. LUCIE, FL</subfield>
            </datafield>
            <datafield tag="505" ind1=" " ind2=" ">
              <subfield code="t">PMIC Loan Application Register LAR: MSA/MD 39100 POUGHKEEPSIE-NEWBURGH-MIDDLETOWN, NY</subfield>
            </datafield>
            <datafield tag="505" ind1=" " ind2=" ">
              <subfield code="t">PMIC Loan Application Register LAR: MSA/MD 39140 PRESCOTT, AZ</subfield>
            </datafield>
            <datafield tag="505" ind1=" " ind2=" ">
              <subfield code="t">PMIC Loan Application Register LAR: MSA/MD 39300 PROVIDENCE-NEW BEDFORD-FALL RIVER, RI-MA</subfield>
            </datafield>
            <datafield tag="505" ind1=" " ind2=" ">
              <subfield code="t">PMIC Loan Application Register LAR: MSA/MD 39340 PROVO-OREM, UT</subfield>
            </datafield>
            <datafield tag="505" ind1=" " ind2=" ">
              <subfield code="t">PMIC Loan Application Register LAR: MSA/MD 39380 PUEBLO, CO</subfield>
            </datafield>
            <datafield tag="505" ind1=" " ind2=" ">
              <subfield code="t">PMIC Loan Application Register LAR: MSA/MD 39460 PUNTA GORDA, FL</subfield>
            </datafield>
            <datafield tag="505" ind1=" " ind2=" ">
              <subfield code="t">PMIC Loan Application Register LAR: MSA/MD 39540 RACINE, WI</subfield>
            </datafield>
            <datafield tag="505" ind1=" " ind2=" ">
              <subfield code="t">PMIC Loan Application Register LAR: MSA/MD 39580 RALEIGH-CARY, NC</subfield>
            </datafield>
            <datafield tag="505" ind1=" " ind2=" ">
              <subfield code="t">PMIC Loan Application Register LAR: MSA/MD 39660 RAPID CITY, SD</subfield>
            </datafield>
            <datafield tag="505" ind1=" " ind2=" ">
              <subfield code="t">PMIC Loan Application Register LAR: MSA/MD 39740 READING, PA</subfield>
            </datafield>
            <datafield tag="505" ind1=" " ind2=" ">
              <subfield code="t">PMIC Loan Application Register LAR: MSA/MD 39820 REDDING, CA</subfield>
            </datafield>
            <datafield tag="505" ind1=" " ind2=" ">
              <subfield code="t">PMIC Loan Application Register LAR: MSA/MD 39900 RENO-SPARKS, NV</subfield>
            </datafield>
            <datafield tag="505" ind1=" " ind2=" ">
              <subfield code="t">PMIC Loan Application Register LAR: MSA/MD 40060 RICHMOND, VA</subfield>
            </datafield>
            <datafield tag="505" ind1=" " ind2=" ">
              <subfield code="t">PMIC Loan Application Register LAR: MSA/MD 40140 RIVERSIDE-SAN BERNARDINO-ONTARIO, CA</subfield>
            </datafield>
            <datafield tag="505" ind1=" " ind2=" ">
              <subfield code="t">PMIC Loan Application Register LAR: MSA/MD 40220 ROANOKE, VA</subfield>
            </datafield>
            <datafield tag="505" ind1=" " ind2=" ">
              <subfield code="t">PMIC Loan Application Register LAR: MSA/MD 40340 ROCHESTER, MN</subfield>
            </datafield>
            <datafield tag="505" ind1=" " ind2=" ">
              <subfield code="t">PMIC Loan Application Register LAR: MSA/MD 40380 ROCHESTER, NY</subfield>
            </datafield>
            <datafield tag="505" ind1=" " ind2=" ">
              <subfield code="t">PMIC Loan Application Register LAR: MSA/MD 40420 ROCKFORD, IL</subfield>
            </datafield>
            <datafield tag="505" ind1=" " ind2=" ">
              <subfield code="t">PMIC Loan Application Register LAR: MSA/MD 40484 ROCKINGHAM COUNTY-STRAFFORD COUNTY, NH</subfield>
            </datafield>
            <datafield tag="505" ind1=" " ind2=" ">
              <subfield code="t">PMIC Loan Application Register LAR: MSA/MD 40580 ROCKY MOUNT, NC</subfield>
            </datafield>
            <datafield tag="505" ind1=" " ind2=" ">
              <subfield code="t">PMIC Loan Application Register LAR: MSA/MD 40660 ROME, GA</subfield>
            </datafield>
            <datafield tag="505" ind1=" " ind2=" ">
              <subfield code="t">PMIC Loan Application Register LAR: MSA/MD 40900 SACRAMENTO--ARDEN-ARCADE--ROSEVILLE, CA</subfield>
            </datafield>
            <datafield tag="505" ind1=" " ind2=" ">
              <subfield code="t">PMIC Loan Application Register LAR: MSA/MD 40980 SAGINAW-SAGINAW TOWNSHIP NORTH, MI</subfield>
            </datafield>
            <datafield tag="505" ind1=" " ind2=" ">
              <subfield code="t">PMIC Loan Application Register LAR: MSA/MD 41060 ST. CLOUD, MN</subfield>
            </datafield>
            <datafield tag="505" ind1=" " ind2=" ">
              <subfield code="t">PMIC Loan Application Register LAR: MSA/MD 41100 ST. GEORGE, UT</subfield>
            </datafield>
            <datafield tag="505" ind1=" " ind2=" ">
              <subfield code="t">PMIC Loan Application Register LAR: MSA/MD 41140 ST. JOSEPH, MO-KS</subfield>
            </datafield>
            <datafield tag="505" ind1=" " ind2=" ">
              <subfield code="t">PMIC Loan Application Register LAR: MSA/MD 41180 ST. LOUIS, MO-IL</subfield>
            </datafield>
            <datafield tag="505" ind1=" " ind2=" ">
              <subfield code="t">PMIC Loan Application Register LAR: MSA/MD 41420 SALEM, OR</subfield>
            </datafield>
            <datafield tag="505" ind1=" " ind2=" ">
              <subfield code="t">PMIC Loan Application Register LAR: MSA/MD 41500 SALINAS, CA</subfield>
            </datafield>
            <datafield tag="505" ind1=" " ind2=" ">
              <subfield code="t">PMIC Loan Application Register LAR: MSA/MD 41540 SALISBURY, MD</subfield>
            </datafield>
            <datafield tag="505" ind1=" " ind2=" ">
              <subfield code="t">PMIC Loan Application Register LAR: MSA/MD 41620 SALT LAKE CITY, UT</subfield>
            </datafield>
            <datafield tag="505" ind1=" " ind2=" ">
              <subfield code="t">PMIC Loan Application Register LAR: MSA/MD 41660 SAN ANGELO, TX</subfield>
            </datafield>
            <datafield tag="505" ind1=" " ind2=" ">
              <subfield code="t">PMIC Loan Application Register LAR: MSA/MD 41700 SAN ANTONIO-NEW BRAUNFELS, TX</subfield>
            </datafield>
            <datafield tag="505" ind1=" " ind2=" ">
              <subfield code="t">PMIC Loan Application Register LAR: MSA/MD 41740 SAN DIEGO-CARLSBAD-SAN MARCOS, CA</subfield>
            </datafield>
            <datafield tag="505" ind1=" " ind2=" ">
              <subfield code="t">PMIC Loan Application Register LAR: MSA/MD 41780 SANDUSKY, OH</subfield>
            </datafield>
            <datafield tag="505" ind1=" " ind2=" ">
              <subfield code="t">PMIC Loan Application Register LAR: MSA/MD 41884 SAN FRANCISCO-SAN MATEO-REDWOOD CITY, CA</subfield>
            </datafield>
            <datafield tag="505" ind1=" " ind2=" ">
              <subfield code="t">PMIC Loan Application Register LAR: MSA/MD 41900 SAN GERMAN-CABO ROJO, PR</subfield>
            </datafield>
            <datafield tag="505" ind1=" " ind2=" ">
              <subfield code="t">PMIC Loan Application Register LAR: MSA/MD 41940 SAN JOSE-SUNNYVALE-SANTA CLARA, CA</subfield>
            </datafield>
            <datafield tag="505" ind1=" " ind2=" ">
              <subfield code="t">PMIC Loan Application Register LAR: MSA/MD 41980 SAN JUAN-CAGUAS-GUAYNABO, PR</subfield>
            </datafield>
            <datafield tag="505" ind1=" " ind2=" ">
              <subfield code="t">PMIC Loan Application Register LAR: MSA/MD 42020 SAN LUIS OBISPO-PASO ROBLES, CA</subfield>
            </datafield>
            <datafield tag="505" ind1=" " ind2=" ">
              <subfield code="t">PMIC Loan Application Register LAR: MSA/MD 42044 SANTA ANA-ANAHEIM-IRVINE, CA</subfield>
            </datafield>
            <datafield tag="505" ind1=" " ind2=" ">
              <subfield code="t">PMIC Loan Application Register LAR: MSA/MD 42060 SANTA BARBARA-SANTA MARIA-GOLETA, CA</subfield>
            </datafield>
            <datafield tag="505" ind1=" " ind2=" ">
              <subfield code="t">PMIC Loan Application Register LAR: MSA/MD 42100 SANTA CRUZ-WATSONVILLE, CA</subfield>
            </datafield>
            <datafield tag="505" ind1=" " ind2=" ">
              <subfield code="t">PMIC Loan Application Register LAR: MSA/MD 42140 SANTA FE, NM</subfield>
            </datafield>
            <datafield tag="505" ind1=" " ind2=" ">
              <subfield code="t">PMIC Loan Application Register LAR: MSA/MD 42220 SANTA ROSA-PETALUMA, CA</subfield>
            </datafield>
            <datafield tag="505" ind1=" " ind2=" ">
              <subfield code="t">PMIC Loan Application Register LAR: MSA/MD 42340 SAVANNAH, GA</subfield>
            </datafield>
            <datafield tag="505" ind1=" " ind2=" ">
              <subfield code="t">PMIC Loan Application Register LAR: MSA/MD 42540 SCRANTON--WILKES-BARRE, PA</subfield>
            </datafield>
            <datafield tag="505" ind1=" " ind2=" ">
              <subfield code="t">PMIC Loan Application Register LAR: MSA/MD 42644 SEATTLE-BELLEVUE-EVERETT, WA</subfield>
            </datafield>
            <datafield tag="505" ind1=" " ind2=" ">
              <subfield code="t">PMIC Loan Application Register LAR: MSA/MD 42680 SEBASTIAN-VERO BEACH, FL</subfield>
            </datafield>
            <datafield tag="505" ind1=" " ind2=" ">
              <subfield code="t">PMIC Loan Application Register LAR: MSA/MD 43100 SHEBOYGAN, WI</subfield>
            </datafield>
            <datafield tag="505" ind1=" " ind2=" ">
              <subfield code="t">PMIC Loan Application Register LAR: MSA/MD 43300 SHERMAN-DENISON, TX</subfield>
            </datafield>
            <datafield tag="505" ind1=" " ind2=" ">
              <subfield code="t">PMIC Loan Application Register LAR: MSA/MD 43340 SHREVEPORT-BOSSIER CITY, LA</subfield>
            </datafield>
            <datafield tag="505" ind1=" " ind2=" ">
              <subfield code="t">PMIC Loan Application Register LAR: MSA/MD 43580 SIOUX CITY, IA-NE-SD</subfield>
            </datafield>
            <datafield tag="505" ind1=" " ind2=" ">
              <subfield code="t">PMIC Loan Application Register LAR: MSA/MD 43620 SIOUX FALLS, SD</subfield>
            </datafield>
            <datafield tag="505" ind1=" " ind2=" ">
              <subfield code="t">PMIC Loan Application Register LAR: MSA/MD 43780 SOUTH BEND-MISHAWAKA, IN-MI</subfield>
            </datafield>
            <datafield tag="505" ind1=" " ind2=" ">
              <subfield code="t">PMIC Loan Application Register LAR: MSA/MD 43900 SPARTANBURG, SC</subfield>
            </datafield>
            <datafield tag="505" ind1=" " ind2=" ">
              <subfield code="t">PMIC Loan Application Register LAR: MSA/MD 44060 SPOKANE, WA</subfield>
            </datafield>
            <datafield tag="505" ind1=" " ind2=" ">
              <subfield code="t">PMIC Loan Application Register LAR: MSA/MD 44100 SPRINGFIELD, IL</subfield>
            </datafield>
            <datafield tag="505" ind1=" " ind2=" ">
              <subfield code="t">PMIC Loan Application Register LAR: MSA/MD 44140 SPRINGFIELD, MA</subfield>
            </datafield>
            <datafield tag="505" ind1=" " ind2=" ">
              <subfield code="t">PMIC Loan Application Register LAR: MSA/MD 44180 SPRINGFIELD, MO</subfield>
            </datafield>
            <datafield tag="505" ind1=" " ind2=" ">
              <subfield code="t">PMIC Loan Application Register LAR: MSA/MD 44220 SPRINGFIELD, OH</subfield>
            </datafield>
            <datafield tag="505" ind1=" " ind2=" ">
              <subfield code="t">PMIC Loan Application Register LAR: MSA/MD 44300 STATE COLLEGE, PA</subfield>
            </datafield>
            <datafield tag="505" ind1=" " ind2=" ">
              <subfield code="t">PMIC Loan Application Register LAR: MSA/MD 44600 STEUBENVILLE-WEIRTON, OH-WV</subfield>
            </datafield>
            <datafield tag="505" ind1=" " ind2=" ">
              <subfield code="t">PMIC Loan Application Register LAR: MSA/MD 44700 STOCKTON, CA</subfield>
            </datafield>
            <datafield tag="505" ind1=" " ind2=" ">
              <subfield code="t">PMIC Loan Application Register LAR: MSA/MD 44940 SUMTER, SC</subfield>
            </datafield>
            <datafield tag="505" ind1=" " ind2=" ">
              <subfield code="t">PMIC Loan Application Register LAR: MSA/MD 45060 SYRACUSE, NY</subfield>
            </datafield>
            <datafield tag="505" ind1=" " ind2=" ">
              <subfield code="t">PMIC Loan Application Register LAR: MSA/MD 45104 TACOMA, WA</subfield>
            </datafield>
            <datafield tag="505" ind1=" " ind2=" ">
              <subfield code="t">PMIC Loan Application Register LAR: MSA/MD 45220 TALLAHASSEE, FL</subfield>
            </datafield>
            <datafield tag="505" ind1=" " ind2=" ">
              <subfield code="t">PMIC Loan Application Register LAR: MSA/MD 45300 TAMPA-ST. PETERSBURG-CLEARWATER, FL</subfield>
            </datafield>
            <datafield tag="505" ind1=" " ind2=" ">
              <subfield code="t">PMIC Loan Application Register LAR: MSA/MD 45460 TERRE HAUTE, IN</subfield>
            </datafield>
            <datafield tag="505" ind1=" " ind2=" ">
              <subfield code="t">PMIC Loan Application Register LAR: MSA/MD 45500 TEXARKANA, TX-TEXARKANA, AR</subfield>
            </datafield>
            <datafield tag="505" ind1=" " ind2=" ">
              <subfield code="t">PMIC Loan Application Register LAR: MSA/MD 45780 TOLEDO, OH</subfield>
            </datafield>
            <datafield tag="505" ind1=" " ind2=" ">
              <subfield code="t">PMIC Loan Application Register LAR: MSA/MD 45820 TOPEKA, KS</subfield>
            </datafield>
            <datafield tag="505" ind1=" " ind2=" ">
              <subfield code="t">PMIC Loan Application Register LAR: MSA/MD 45940 TRENTON-EWING, NJ</subfield>
            </datafield>
            <datafield tag="505" ind1=" " ind2=" ">
              <subfield code="t">PMIC Loan Application Register LAR: MSA/MD 46060 TUCSON, AZ</subfield>
            </datafield>
            <datafield tag="505" ind1=" " ind2=" ">
              <subfield code="t">PMIC Loan Application Register LAR: MSA/MD 46140 TULSA, OK</subfield>
            </datafield>
            <datafield tag="505" ind1=" " ind2=" ">
              <subfield code="t">PMIC Loan Application Register LAR: MSA/MD 46220 TUSCALOOSA, AL</subfield>
            </datafield>
            <datafield tag="505" ind1=" " ind2=" ">
              <subfield code="t">PMIC Loan Application Register LAR: MSA/MD 46340 TYLER, TX</subfield>
            </datafield>
            <datafield tag="505" ind1=" " ind2=" ">
              <subfield code="t">PMIC Loan Application Register LAR: MSA/MD 46540 UTICA-ROME, NY</subfield>
            </datafield>
            <datafield tag="505" ind1=" " ind2=" ">
              <subfield code="t">PMIC Loan Application Register LAR: MSA/MD 46660 VALDOSTA, GA</subfield>
            </datafield>
            <datafield tag="505" ind1=" " ind2=" ">
              <subfield code="t">PMIC Loan Application Register LAR: MSA/MD 46700 VALLEJO-FAIRFIELD, CA</subfield>
            </datafield>
            <datafield tag="505" ind1=" " ind2=" ">
              <subfield code="t">PMIC Loan Application Register LAR: MSA/MD 47020 VICTORIA, TX</subfield>
            </datafield>
            <datafield tag="505" ind1=" " ind2=" ">
              <subfield code="t">PMIC Loan Application Register LAR: MSA/MD 47220 VINELAND-MILLVILLE-BRIDGETON, NJ</subfield>
            </datafield>
            <datafield tag="505" ind1=" " ind2=" ">
              <subfield code="t">PMIC Loan Application Register LAR: MSA/MD 47260 VIRGINIA BEACH-NORFOLK-NEWPORT NEWS, VA-NC</subfield>
            </datafield>
            <datafield tag="505" ind1=" " ind2=" ">
              <subfield code="t">PMIC Loan Application Register LAR: MSA/MD 47300 VISALIA-PORTERVILLE, CA</subfield>
            </datafield>
            <datafield tag="505" ind1=" " ind2=" ">
              <subfield code="t">PMIC Loan Application Register LAR: MSA/MD 47380 WACO, TX</subfield>
            </datafield>
            <datafield tag="505" ind1=" " ind2=" ">
              <subfield code="t">PMIC Loan Application Register LAR: MSA/MD 47580 WARNER ROBINS, GA</subfield>
            </datafield>
            <datafield tag="505" ind1=" " ind2=" ">
              <subfield code="t">PMIC Loan Application Register LAR: MSA/MD 47644 WARREN-TROY-FARMINGTON HILLS, MI</subfield>
            </datafield>
            <datafield tag="505" ind1=" " ind2=" ">
              <subfield code="t">PMIC Loan Application Register LAR: MSA/MD 47894 WASHINGTON-ARLINGTON-ALEXANDRIA, DC-VA-MD-WV</subfield>
            </datafield>
            <datafield tag="505" ind1=" " ind2=" ">
              <subfield code="t">PMIC Loan Application Register LAR: MSA/MD 47940 WATERLOO-CEDAR FALLS, IA</subfield>
            </datafield>
            <datafield tag="505" ind1=" " ind2=" ">
              <subfield code="t">PMIC Loan Application Register LAR: MSA/MD 48140 WAUSAU, WI</subfield>
            </datafield>
            <datafield tag="505" ind1=" " ind2=" ">
              <subfield code="t">PMIC Loan Application Register LAR: MSA/MD 48300 WENATCHEE-EAST WENATCHEE, WA</subfield>
            </datafield>
            <datafield tag="505" ind1=" " ind2=" ">
              <subfield code="t">PMIC Loan Application Register LAR: MSA/MD 48424 WEST PALM BEACH-BOCA RATON-BOYNTON BEACH, FL</subfield>
            </datafield>
            <datafield tag="505" ind1=" " ind2=" ">
              <subfield code="t">PMIC Loan Application Register LAR: MSA/MD 48540 WHEELING, WV-OH</subfield>
            </datafield>
            <datafield tag="505" ind1=" " ind2=" ">
              <subfield code="t">PMIC Loan Application Register LAR: MSA/MD 48620 WICHITA, KS</subfield>
            </datafield>
            <datafield tag="505" ind1=" " ind2=" ">
              <subfield code="t">PMIC Loan Application Register LAR: MSA/MD 48660 WICHITA FALLS, TX</subfield>
            </datafield>
            <datafield tag="505" ind1=" " ind2=" ">
              <subfield code="t">PMIC Loan Application Register LAR: MSA/MD 48700 WILLIAMSPORT, PA</subfield>
            </datafield>
            <datafield tag="505" ind1=" " ind2=" ">
              <subfield code="t">PMIC Loan Application Register LAR: MSA/MD 48864 WILMINGTON, DE-MD-NJ</subfield>
            </datafield>
            <datafield tag="505" ind1=" " ind2=" ">
              <subfield code="t">PMIC Loan Application Register LAR: MSA/MD 48900 WILMINGTON, NC</subfield>
            </datafield>
            <datafield tag="505" ind1=" " ind2=" ">
              <subfield code="t">PMIC Loan Application Register LAR: MSA/MD 49020 WINCHESTER, VA-WV</subfield>
            </datafield>
            <datafield tag="505" ind1=" " ind2=" ">
              <subfield code="t">PMIC Loan Application Register LAR: MSA/MD 49180 WINSTON-SALEM, NC</subfield>
            </datafield>
            <datafield tag="505" ind1=" " ind2=" ">
              <subfield code="t">PMIC Loan Application Register LAR: MSA/MD 49340 WORCESTER, MA</subfield>
            </datafield>
            <datafield tag="505" ind1=" " ind2=" ">
              <subfield code="t">PMIC Loan Application Register LAR: MSA/MD 49420 YAKIMA, WA</subfield>
            </datafield>
            <datafield tag="505" ind1=" " ind2=" ">
              <subfield code="t">PMIC Loan Application Register LAR: MSA/MD 49620 YORK-HANOVER, PA</subfield>
            </datafield>
            <datafield tag="505" ind1=" " ind2=" ">
              <subfield code="t">PMIC Loan Application Register LAR: MSA/MD 49660 YOUNGSTOWN-WARREN-BOARDMAN, OH-PA</subfield>
            </datafield>
            <datafield tag="505" ind1=" " ind2=" ">
              <subfield code="t">PMIC Loan Application Register LAR: MSA/MD 49700 YUBA CITY, CA</subfield>
            </datafield>
            <datafield tag="505" ind1=" " ind2=" ">
              <subfield code="t">PMIC Loan Application Register LAR: MSA/MD 49740 YUMA, AZ</subfield>
            </datafield>
            <datafield tag="505" ind1=" " ind2=" ">
              <subfield code="t">PMIC Loan Application Register LAR: MSA/MD NA NA</subfield>
            </datafield>
            <datafield tag="567" ind1=" " ind2=" ">
              <subfield code="a">Home purchase and home improvement loans and refinancings (or applications) lended or insured by financial institutions in the United States that were required to report HMDA data in 2011.</subfield>
            </datafield>
            <datafield tag="650" ind1=" " ind2="7">
              <subfield code="a">housing</subfield>
              <subfield code="2">icpsr</subfield>
            </datafield>
            <datafield tag="650" ind1=" " ind2="7">
              <subfield code="a">insurance</subfield>
              <subfield code="2">icpsr</subfield>
            </datafield>
            <datafield tag="650" ind1=" " ind2="7">
              <subfield code="a">loans</subfield>
              <subfield code="2">icpsr</subfield>
            </datafield>
            <datafield tag="650" ind1=" " ind2="7">
              <subfield code="a">mortgage companies</subfield>
              <subfield code="2">icpsr</subfield>
            </datafield>
            <datafield tag="650" ind1=" " ind2="7">
              <subfield code="a">mortgages</subfield>
              <subfield code="2">icpsr</subfield>
            </datafield>
            <datafield tag="650" ind1=" " ind2="7">
              <subfield code="a">refinancing</subfield>
              <subfield code="2">icpsr</subfield>
            </datafield>
            <datafield tag="653" ind1="0" ind2=" ">
              <subfield code="a">ICPSR IV.C. Economic Behavior and Attitudes, Historical and Contemporary Economic Processes and Indicators</subfield>
            </datafield>
            <datafield tag="653" ind1="0" ind2=" ">
              <subfield code="a">ICPSR IV. Economic Behavior and Attitudes</subfield>
            </datafield>
            <datafield tag="710" ind1="2" ind2=" ">
              <subfield code="a">Federal Financial Institutions Examination Council (U.S.)</subfield>
            </datafield>
            <datafield tag="710" ind1="2" ind2=" ">
              <subfield code="a">Inter-university Consortium for Political and Social Research.</subfield>
            </datafield>
            <datafield tag="830" ind1=" " ind2="0">
              <subfield code="a">ICPSR (Series)</subfield>
              <subfield code="v">36171</subfield>
            </datafield>
            <datafield tag="856" ind1="4" ind2="0">
              <subfield code="z">Access restricted ; authentication may be required:</subfield>
              <subfield code="u">http://doi.org/10.3886/ICPSR36171.v2</subfield>
            </datafield>
          </record>
        </collection>
      </metadata>
    </record>