
    <record>
      <header>
        <identifier>36176</identifier>
        <datestamp>2015-09-22T01:01:01Z</datestamp>
      </header>
      <metadata>
        <collection xmlns="http://www.loc.gov/MARC21/slim" xsi:schemaLocation="http://www.loc.gov/MARC21/slim https://www.loc.gov/standards/marcxml/schema/MARC21slim.xsd">
          <record>
            <leader>cmm 22 4500</leader>
            <controlfield tag="001">ICPSR36176</controlfield>
            <controlfield tag="003">MiAaI</controlfield>
            <controlfield tag="006">m f a u</controlfield>
            <controlfield tag="007">cr mn mmmmuuuu</controlfield>
            <controlfield tag="008">190117s2015 miu f a eng d</controlfield>
            <datafield tag="035" ind1=" " ind2=" ">
              <subfield code="a">(MiAaI)ICPSR36176</subfield>
            </datafield>
            <datafield tag="040" ind1=" " ind2=" ">
              <subfield code="a">MiAaI</subfield>
              <subfield code="c">MiAaI</subfield>
            </datafield>
            <datafield tag="245" ind1="0" ind2="0">
              <subfield code="a">Privately Insured in America</subfield>
              <subfield code="h">[electronic resource]</subfield>
              <subfield code="b">Opinions on Health Care Costs and Coverage, 2014</subfield>
              <subfield code="c">Associated Press-NORC Center for Public Affairs Research</subfield>
            </datafield>
            <datafield tag="250" ind1=" " ind2=" ">
              <subfield code="a">2015-09-22</subfield>
            </datafield>
            <datafield tag="260" ind1=" " ind2=" ">
              <subfield code="a">Ann Arbor, Mich.</subfield>
              <subfield code="b">Inter-university Consortium for Political and Social Research [distributor]</subfield>
              <subfield code="c">2015</subfield>
            </datafield>
            <datafield tag="490" ind1=" " ind2=" ">
              <subfield code="a">ICPSR</subfield>
              <subfield code="v">36176</subfield>
            </datafield>
            <datafield tag="516" ind1=" " ind2=" ">
              <subfield code="a">Numeric</subfield>
            </datafield>
            <datafield tag="538" ind1=" " ind2=" ">
              <subfield code="a">Mode of access: Intranet.</subfield>
            </datafield>
            <datafield tag="500" ind1=" " ind2=" ">
              <subfield code="a">Title from ICPSR DDI metadata of 2019-01-17.</subfield>
            </datafield>
            <datafield tag="536" ind1=" " ind2=" ">
              <subfield code="a">Robert Wood Johnson Foundation</subfield>
              <subfield code="c">71641</subfield>
            </datafield>
            <datafield tag="506" ind1=" " ind2=" ">
              <subfield code="a">AVAILABLE. This study is freely available to the general public.</subfield>
            </datafield>
            <datafield tag="530" ind1=" " ind2=" ">
              <subfield code="a">Also available as downloadable files.</subfield>
            </datafield>
            <datafield tag="522" ind1=" " ind2=" ">
              <subfield code="a">United States</subfield>
            </datafield>
            <datafield tag="520" ind1="3" ind2=" ">
              <subfield code="a">This survey interviewed adults ages 18-64 with private health insurance - health insurance received through an employer or union or purchased directly from an insurance company or through a state or federal marketplace or exchange -- about the characteristics of their health care insurance coverage, their health care utilization and their views on the price of health care, how health costs impact their health care utilization decisions and the extent to which other aspects of their lives are affected by health care costs. Other topics covered by the survey include satisfaction with one's current health insurance plan, problems experienced with health care under the current plan and the importance of various plan attributes in choosing a health plan. The survey also collected information on overall health status and socio-demographic characteristics, such age, sex, marital status, education, employment status, income, race and Hispanic origin.Cf: http://doi.org/10.3886/ICPSR36176.v1</subfield>
            </datafield>
            <datafield tag="505" ind1=" " ind2=" ">
              <subfield code="t">Dataset</subfield>
            </datafield>
            <datafield tag="567" ind1=" " ind2=" ">
              <subfield code="a">Adults ages 18-64 with private health insurance.</subfield>
            </datafield>
            <datafield tag="650" ind1=" " ind2="7">
              <subfield code="a">health</subfield>
              <subfield code="2">icpsr</subfield>
            </datafield>
            <datafield tag="650" ind1=" " ind2="7">
              <subfield code="a">health care</subfield>
              <subfield code="2">icpsr</subfield>
            </datafield>
            <datafield tag="650" ind1=" " ind2="7">
              <subfield code="a">health care costs</subfield>
              <subfield code="2">icpsr</subfield>
            </datafield>
            <datafield tag="650" ind1=" " ind2="7">
              <subfield code="a">health insurance</subfield>
              <subfield code="2">icpsr</subfield>
            </datafield>
            <datafield tag="650" ind1=" " ind2="7">
              <subfield code="a">health services utilization</subfield>
              <subfield code="2">icpsr</subfield>
            </datafield>
            <datafield tag="653" ind1="0" ind2=" ">
              <subfield code="a">ICPSR IX. Health Care and Health Facilities</subfield>
            </datafield>
            <datafield tag="653" ind1="0" ind2=" ">
              <subfield code="a">HMCA II. Cost/Access to Health Care</subfield>
            </datafield>
            <datafield tag="710" ind1="2" ind2=" ">
              <subfield code="a">Associated Press-NORC Center for Public Affairs Research</subfield>
            </datafield>
            <datafield tag="710" ind1="2" ind2=" ">
              <subfield code="a">Inter-university Consortium for Political and Social Research.</subfield>
            </datafield>
            <datafield tag="830" ind1=" " ind2="0">
              <subfield code="a">ICPSR (Series)</subfield>
              <subfield code="v">36176</subfield>
            </datafield>
            <datafield tag="856" ind1="4" ind2="0">
              <subfield code="z">Access restricted ; authentication may be required:</subfield>
              <subfield code="u">http://doi.org/10.3886/ICPSR36176.v1</subfield>
            </datafield>
          </record>
        </collection>
      </metadata>
    </record>