
    <record>
      <header>
        <identifier>36177</identifier>
        <datestamp>2016-10-11T01:01:01Z</datestamp>
      </header>
      <metadata>
        <collection xmlns="http://www.loc.gov/MARC21/slim" xsi:schemaLocation="http://www.loc.gov/MARC21/slim https://www.loc.gov/standards/marcxml/schema/MARC21slim.xsd">
          <record>
            <leader>cmm 22 4500</leader>
            <controlfield tag="001">ICPSR36177</controlfield>
            <controlfield tag="003">MiAaI</controlfield>
            <controlfield tag="006">m f a u</controlfield>
            <controlfield tag="007">cr mn mmmmuuuu</controlfield>
            <controlfield tag="008">190117s2016 miu f a eng d</controlfield>
            <datafield tag="035" ind1=" " ind2=" ">
              <subfield code="a">(MiAaI)ICPSR36177</subfield>
            </datafield>
            <datafield tag="040" ind1=" " ind2=" ">
              <subfield code="a">MiAaI</subfield>
              <subfield code="c">MiAaI</subfield>
            </datafield>
            <datafield tag="245" ind1="0" ind2="0">
              <subfield code="a">National Survey of Children's Exposure to Violence II, 1993-2012 [United States]</subfield>
              <subfield code="h">[electronic resource]</subfield>
              <subfield code="c">David Finkelhor, Heather Turner</subfield>
            </datafield>
            <datafield tag="250" ind1=" " ind2=" ">
              <subfield code="a">2016-10-11</subfield>
            </datafield>
            <datafield tag="260" ind1=" " ind2=" ">
              <subfield code="a">Ann Arbor, Mich.</subfield>
              <subfield code="b">Inter-university Consortium for Political and Social Research [distributor]</subfield>
              <subfield code="c">2016</subfield>
            </datafield>
            <datafield tag="490" ind1=" " ind2=" ">
              <subfield code="a">ICPSR</subfield>
              <subfield code="v">36177</subfield>
            </datafield>
            <datafield tag="490" ind1=" " ind2=" ">
              <subfield code="a">National Survey of Children's Exposure to Violence (NatSCEV) Series</subfield>
            </datafield>
            <datafield tag="516" ind1=" " ind2=" ">
              <subfield code="a">Numeric</subfield>
            </datafield>
            <datafield tag="538" ind1=" " ind2=" ">
              <subfield code="a">Mode of access: Intranet.</subfield>
            </datafield>
            <datafield tag="500" ind1=" " ind2=" ">
              <subfield code="a">Title from ICPSR DDI metadata of 2019-01-17.</subfield>
            </datafield>
            <datafield tag="536" ind1=" " ind2=" ">
              <subfield code="a">United States Department of Justice. Office of Justice Programs. Office of Juvenile Justice and Delinquency Prevention</subfield>
              <subfield code="c">2010-JF-FX-0010 (2010-2013)</subfield>
            </datafield>
            <datafield tag="536" ind1=" " ind2=" ">
              <subfield code="a">United States Department of Justice. Office of Justice Programs. Office of Juvenile Justice and Delinquency Prevention</subfield>
              <subfield code="c">2009-JW-BX-0060 (2009-2011)</subfield>
            </datafield>
            <datafield tag="536" ind1=" " ind2=" ">
              <subfield code="a">United States Department of Justice. Office of Justice Programs. National Institute of Justice</subfield>
              <subfield code="c">2010-IJ-CX-0021 (2011-2013)</subfield>
            </datafield>
            <datafield tag="506" ind1=" " ind2=" ">
              <subfield code="a">AVAILABLE. This study is freely available to the general public.</subfield>
            </datafield>
            <datafield tag="530" ind1=" " ind2=" ">
              <subfield code="a">Also available as downloadable files.</subfield>
            </datafield>
            <datafield tag="522" ind1=" " ind2=" ">
              <subfield code="a">United States</subfield>
            </datafield>
            <datafield tag="520" ind1="3" ind2=" ">
              <subfield code="a">&lt;p&gt;The National Survey of Children's Exposure to Violence (NatSCEV) series involved three rounds of data collection, NatSCEV I (baseline), this study NatSCEV II, and NatSCEV III. For more information on other parts to the series, please use the following links:&lt;/p&gt; &lt;p&gt;&lt;hi&gt;NatSCEV I (ICPSR 35203) - http://doi.org/10.3886/ICPSR35203.v1&lt;/hi&gt;&lt;/p&gt; &lt;p&gt;&lt;hi&gt;NatSCEV III (ICPSR 36523) - http://doi.org/10.3886/ICPSR36523.v1&lt;/hi&gt;&lt;/p&gt; &lt;p&gt;The National Survey of Children's Exposure to Violence II was designed to obtain lifetime and one-year incidence estimates of a comprehensive range of childhood victimizations across gender, race, and developmental stage. Conducted between March, 2011 and January, 2012, it assessed the experiences of a nationally representative sample of 4,503 children aged 1 month to 18 years living in the contiguous United States (excluding New Hampshire). &lt;/p&gt; &lt;p&gt;A nationwide sample which excluded any phone numbers with area codes assigned within the state of New Hampshire was constructed using four frames: (1) 801,317 landline telephone numbers from which telephone households could be drawn by random digit dialing (RDD); (2) 5,000 cell-phone telephone numbers from which a sample of cell phone users could be drawn by RDD; (3) an address-based sample (ABS) of 70,924 cell phone and residential numbers; and (4) a pre-screened sample of 3,573 telephone numbers of households with children from a recent national RDD survey. The compiled frame yielded 3,259 residential RDD interviews, 31 cell phone RDD interviews, 750 ABS interviews, and 463 pre-screened sample interviews for a total of 4,503 interviews.&lt;/p&gt; &lt;p&gt;A short interview was conducted with an adult caregiver (usually a parent) to obtain family demographic information. One child was randomly selected from all eligible children in a household by selecting the child with the most recent birthday. If the selected child was 1 month to 9 years old, the main interview was conducted with the caregiver. If the selected child was 10-17 years old, the main interview was conducted with the child.&lt;/p&gt; &lt;p&gt;The survey used an enhanced version of the Juvenile Victimization Questionnaire (JVQ), an inventory of childhood victimization. This version of the JVQ obtains reports on 53 forms of offenses against youth that cover six general areas of concern including: conventional crime, child maltreatment, peer and sibling victimization, sexual victimization, witnessing and indirect victimization, and internet victimization. Follow-up questions for each victimization item gathered additional information about the victimization incident.&lt;/p&gt;Cf: http://doi.org/10.3886/ICPSR36177.v1</subfield>
            </datafield>
            <datafield tag="505" ind1=" " ind2=" ">
              <subfield code="t">NatSCEV2 Data</subfield>
            </datafield>
            <datafield tag="567" ind1=" " ind2=" ">
              <subfield code="a">Children and youth ages 1 month to 18 years residing in the contiguous United States excluding New Hampshire</subfield>
            </datafield>
            <datafield tag="650" ind1=" " ind2="7">
              <subfield code="a">alcohol consumption</subfield>
              <subfield code="2">icpsr</subfield>
            </datafield>
            <datafield tag="650" ind1=" " ind2="7">
              <subfield code="a">child abuse</subfield>
              <subfield code="2">icpsr</subfield>
            </datafield>
            <datafield tag="650" ind1=" " ind2="7">
              <subfield code="a">children</subfield>
              <subfield code="2">icpsr</subfield>
            </datafield>
            <datafield tag="650" ind1=" " ind2="7">
              <subfield code="a">delinquent behavior</subfield>
              <subfield code="2">icpsr</subfield>
            </datafield>
            <datafield tag="650" ind1=" " ind2="7">
              <subfield code="a">juvenile victims</subfield>
              <subfield code="2">icpsr</subfield>
            </datafield>
            <datafield tag="650" ind1=" " ind2="7">
              <subfield code="a">mental health</subfield>
              <subfield code="2">icpsr</subfield>
            </datafield>
            <datafield tag="650" ind1=" " ind2="7">
              <subfield code="a">self concept</subfield>
              <subfield code="2">icpsr</subfield>
            </datafield>
            <datafield tag="650" ind1=" " ind2="7">
              <subfield code="a">sexual assault</subfield>
              <subfield code="2">icpsr</subfield>
            </datafield>
            <datafield tag="650" ind1=" " ind2="7">
              <subfield code="a">victimization</subfield>
              <subfield code="2">icpsr</subfield>
            </datafield>
            <datafield tag="650" ind1=" " ind2="7">
              <subfield code="a">youths</subfield>
              <subfield code="2">icpsr</subfield>
            </datafield>
            <datafield tag="653" ind1="0" ind2=" ">
              <subfield code="a">NACJD XX. Juvenile Delinquency and Justice</subfield>
            </datafield>
            <datafield tag="653" ind1="0" ind2=" ">
              <subfield code="a">NACJD VII. Crime and Delinquency</subfield>
            </datafield>
            <datafield tag="653" ind1="0" ind2=" ">
              <subfield code="a">NACJD XVII. Child Abuse and Maltreatment</subfield>
            </datafield>
            <datafield tag="653" ind1="0" ind2=" ">
              <subfield code="a">ICPSR XVII.E. Social Institutions and Behavior, Crime and the Criminal Justice System</subfield>
            </datafield>
            <datafield tag="653" ind1="0" ind2=" ">
              <subfield code="a">NACJD XXI. Prostitution, Human Trafficking, and Sex Crimes</subfield>
            </datafield>
            <datafield tag="700" ind1="2" ind2=" ">
              <subfield code="a">Finkelhor, David</subfield>
              <subfield code="u">Crimes Against Children Research Center, University of New Hampshire</subfield>
            </datafield>
            <datafield tag="700" ind1="2" ind2=" ">
              <subfield code="a">Turner, Heather</subfield>
              <subfield code="u">Crimes Against Children Research Center, University of New Hampshire</subfield>
            </datafield>
            <datafield tag="710" ind1="2" ind2=" ">
              <subfield code="a">Inter-university Consortium for Political and Social Research.</subfield>
            </datafield>
            <datafield tag="830" ind1=" " ind2="0">
              <subfield code="a">ICPSR (Series)</subfield>
              <subfield code="v">36177</subfield>
            </datafield>
            <datafield tag="856" ind1="4" ind2="0">
              <subfield code="z">Access restricted ; authentication may be required:</subfield>
              <subfield code="u">http://doi.org/10.3886/ICPSR36177.v1</subfield>
            </datafield>
          </record>
        </collection>
      </metadata>
    </record>