
    <record>
      <header>
        <identifier>36195</identifier>
        <datestamp>2015-08-25T01:01:01Z</datestamp>
      </header>
      <metadata>
        <collection xmlns="http://www.loc.gov/MARC21/slim" xsi:schemaLocation="http://www.loc.gov/MARC21/slim https://www.loc.gov/standards/marcxml/schema/MARC21slim.xsd">
          <record>
            <leader>cmm 22 4500</leader>
            <controlfield tag="001">ICPSR36195</controlfield>
            <controlfield tag="003">MiAaI</controlfield>
            <controlfield tag="006">m f a u</controlfield>
            <controlfield tag="007">cr mn mmmmuuuu</controlfield>
            <controlfield tag="008">190117s2015 miu f a eng d</controlfield>
            <datafield tag="035" ind1=" " ind2=" ">
              <subfield code="a">(MiAaI)ICPSR36195</subfield>
            </datafield>
            <datafield tag="040" ind1=" " ind2=" ">
              <subfield code="a">MiAaI</subfield>
              <subfield code="c">MiAaI</subfield>
            </datafield>
            <datafield tag="245" ind1="0" ind2="0">
              <subfield code="a">CBS News Poll, February 2014</subfield>
              <subfield code="h">[electronic resource]</subfield>
              <subfield code="c">CBS News</subfield>
            </datafield>
            <datafield tag="250" ind1=" " ind2=" ">
              <subfield code="a">2015-08-25</subfield>
            </datafield>
            <datafield tag="260" ind1=" " ind2=" ">
              <subfield code="a">Ann Arbor, Mich.</subfield>
              <subfield code="b">Inter-university Consortium for Political and Social Research [distributor]</subfield>
              <subfield code="c">2015</subfield>
            </datafield>
            <datafield tag="490" ind1=" " ind2=" ">
              <subfield code="a">ICPSR</subfield>
              <subfield code="v">36195</subfield>
            </datafield>
            <datafield tag="490" ind1=" " ind2=" ">
              <subfield code="a">CBS News/New York Times Poll Series</subfield>
            </datafield>
            <datafield tag="516" ind1=" " ind2=" ">
              <subfield code="a">Numeric</subfield>
            </datafield>
            <datafield tag="538" ind1=" " ind2=" ">
              <subfield code="a">Mode of access: Intranet.</subfield>
            </datafield>
            <datafield tag="500" ind1=" " ind2=" ">
              <subfield code="a">Title from ICPSR DDI metadata of 2019-01-17.</subfield>
            </datafield>
            <datafield tag="506" ind1=" " ind2=" ">
              <subfield code="a">AVAILABLE. This study is freely available to ICPSR member institutions.</subfield>
            </datafield>
            <datafield tag="530" ind1=" " ind2=" ">
              <subfield code="a">Also available as downloadable files.</subfield>
            </datafield>
            <datafield tag="522" ind1=" " ind2=" ">
              <subfield code="a">United States</subfield>
            </datafield>
            <datafield tag="520" ind1="3" ind2=" ">
              <subfield code="a">The February 2014 poll is part of a continuing series on monthly surveys that solicits public opinion on a range of political and social issues. Respondents were asked how well Barack Obama was handling the presidency, foreign policy, and the economy. Additional topics included John Boehner's job performance, the Tea Party, and the amount of influence they have in the Republican Party. Respondents were also queried about the possibility of voting for different kinds of candidates in the next election based on their opinions on minimum wage, abortion, and health care. Further questions included opinions about amount of attention the Democratic and Republican party should be allocating to big business, gun control, minorities, and the middle class. Information was gathered about their thoughts on various domestic and foreign policy issues such as social security, education, privacy, and the military. Finally, respondents were presented with several possible candidates for the 2016 presidential election and whether respondents would like to see those candidates run. Demographic information includes sex, age, race, marital status, education level, household income, employment status, religious preference, type of residential area (e.g., urban or rural), political party affiliation, political philosophy, and whether respondents thought of themselves as born-again Christians.Cf: http://doi.org/10.3886/ICPSR36195.v1</subfield>
            </datafield>
            <datafield tag="505" ind1=" " ind2=" ">
              <subfield code="t">CBS News Poll, February 2014</subfield>
            </datafield>
            <datafield tag="567" ind1=" " ind2=" ">
              <subfield code="a">Persons aged 18 years or older living in households with telephones in the United States.</subfield>
            </datafield>
            <datafield tag="650" ind1=" " ind2="7">
              <subfield code="a">abortion</subfield>
              <subfield code="2">icpsr</subfield>
            </datafield>
            <datafield tag="650" ind1=" " ind2="7">
              <subfield code="a">Boehner, John</subfield>
              <subfield code="2">icpsr</subfield>
            </datafield>
            <datafield tag="650" ind1=" " ind2="7">
              <subfield code="a">candidates</subfield>
              <subfield code="2">icpsr</subfield>
            </datafield>
            <datafield tag="650" ind1=" " ind2="7">
              <subfield code="a">cellular phones</subfield>
              <subfield code="2">icpsr</subfield>
            </datafield>
            <datafield tag="650" ind1=" " ind2="7">
              <subfield code="a">Clinton, Hillary</subfield>
              <subfield code="2">icpsr</subfield>
            </datafield>
            <datafield tag="650" ind1=" " ind2="7">
              <subfield code="a">Democratic Party (USA)</subfield>
              <subfield code="2">icpsr</subfield>
            </datafield>
            <datafield tag="650" ind1=" " ind2="7">
              <subfield code="a">elections</subfield>
              <subfield code="2">icpsr</subfield>
            </datafield>
            <datafield tag="650" ind1=" " ind2="7">
              <subfield code="a">foreign policy</subfield>
              <subfield code="2">icpsr</subfield>
            </datafield>
            <datafield tag="650" ind1=" " ind2="7">
              <subfield code="a">gun control</subfield>
              <subfield code="2">icpsr</subfield>
            </datafield>
            <datafield tag="650" ind1=" " ind2="7">
              <subfield code="a">gun ownership</subfield>
              <subfield code="2">icpsr</subfield>
            </datafield>
            <datafield tag="650" ind1=" " ind2="7">
              <subfield code="a">health insurance</subfield>
              <subfield code="2">icpsr</subfield>
            </datafield>
            <datafield tag="650" ind1=" " ind2="7">
              <subfield code="a">influence</subfield>
              <subfield code="2">icpsr</subfield>
            </datafield>
            <datafield tag="650" ind1=" " ind2="7">
              <subfield code="a">Obama, Barack</subfield>
              <subfield code="2">icpsr</subfield>
            </datafield>
            <datafield tag="650" ind1=" " ind2="7">
              <subfield code="a">political affiliation</subfield>
              <subfield code="2">icpsr</subfield>
            </datafield>
            <datafield tag="650" ind1=" " ind2="7">
              <subfield code="a">political parties</subfield>
              <subfield code="2">icpsr</subfield>
            </datafield>
            <datafield tag="650" ind1=" " ind2="7">
              <subfield code="a">presidency</subfield>
              <subfield code="2">icpsr</subfield>
            </datafield>
            <datafield tag="650" ind1=" " ind2="7">
              <subfield code="a">presidential performance</subfield>
              <subfield code="2">icpsr</subfield>
            </datafield>
            <datafield tag="650" ind1=" " ind2="7">
              <subfield code="a">public opinion</subfield>
              <subfield code="2">icpsr</subfield>
            </datafield>
            <datafield tag="650" ind1=" " ind2="7">
              <subfield code="a">Republican Party (USA)</subfield>
              <subfield code="2">icpsr</subfield>
            </datafield>
            <datafield tag="650" ind1=" " ind2="7">
              <subfield code="a">Tea Party movement</subfield>
              <subfield code="2">icpsr</subfield>
            </datafield>
            <datafield tag="650" ind1=" " ind2="7">
              <subfield code="a">telephones</subfield>
              <subfield code="2">icpsr</subfield>
            </datafield>
            <datafield tag="650" ind1=" " ind2="7">
              <subfield code="a">United States Congress</subfield>
              <subfield code="2">icpsr</subfield>
            </datafield>
            <datafield tag="650" ind1=" " ind2="7">
              <subfield code="a">voting behavior</subfield>
              <subfield code="2">icpsr</subfield>
            </datafield>
            <datafield tag="653" ind1="0" ind2=" ">
              <subfield code="a">ICPSR XIV.C. Mass Political Behavior and Attitudes, Public Opinion on Political Matters</subfield>
            </datafield>
            <datafield tag="653" ind1="0" ind2=" ">
              <subfield code="a">ICPSR XIV.C.1. Mass Political Behavior and Attitudes, Public Opinion on Political Matters, United States</subfield>
            </datafield>
            <datafield tag="710" ind1="2" ind2=" ">
              <subfield code="a">CBS News</subfield>
            </datafield>
            <datafield tag="710" ind1="2" ind2=" ">
              <subfield code="a">Inter-university Consortium for Political and Social Research.</subfield>
            </datafield>
            <datafield tag="830" ind1=" " ind2="0">
              <subfield code="a">ICPSR (Series)</subfield>
              <subfield code="v">36195</subfield>
            </datafield>
            <datafield tag="856" ind1="4" ind2="0">
              <subfield code="z">Access restricted ; authentication may be required:</subfield>
              <subfield code="u">http://doi.org/10.3886/ICPSR36195.v1</subfield>
            </datafield>
          </record>
        </collection>
      </metadata>
    </record>