
    <record>
      <header>
        <identifier>36207</identifier>
        <datestamp>2015-10-22T01:01:01Z</datestamp>
      </header>
      <metadata>
        <collection xmlns="http://www.loc.gov/MARC21/slim" xsi:schemaLocation="http://www.loc.gov/MARC21/slim https://www.loc.gov/standards/marcxml/schema/MARC21slim.xsd">
          <record>
            <leader>cmm 22 4500</leader>
            <controlfield tag="001">ICPSR36207</controlfield>
            <controlfield tag="003">MiAaI</controlfield>
            <controlfield tag="006">m f a u</controlfield>
            <controlfield tag="007">cr mn mmmmuuuu</controlfield>
            <controlfield tag="008">190117s2015 miu f a eng d</controlfield>
            <datafield tag="035" ind1=" " ind2=" ">
              <subfield code="a">(MiAaI)ICPSR36207</subfield>
            </datafield>
            <datafield tag="040" ind1=" " ind2=" ">
              <subfield code="a">MiAaI</subfield>
              <subfield code="c">MiAaI</subfield>
            </datafield>
            <datafield tag="245" ind1="0" ind2="0">
              <subfield code="a">2000 Florida Ballots Project</subfield>
              <subfield code="h">[electronic resource]</subfield>
              <subfield code="c">NORC at the University of Chicago, The New York Times, The Wall Street Journal, The Washington Post Company, Tribune Publishing, CNN, Associated Press, St. Petersburg Times, The Palm Beach Post</subfield>
            </datafield>
            <datafield tag="250" ind1=" " ind2=" ">
              <subfield code="a">2015-10-22</subfield>
            </datafield>
            <datafield tag="260" ind1=" " ind2=" ">
              <subfield code="a">Ann Arbor, Mich.</subfield>
              <subfield code="b">Inter-university Consortium for Political and Social Research [distributor]</subfield>
              <subfield code="c">2015</subfield>
            </datafield>
            <datafield tag="490" ind1=" " ind2=" ">
              <subfield code="a">ICPSR</subfield>
              <subfield code="v">36207</subfield>
            </datafield>
            <datafield tag="516" ind1=" " ind2=" ">
              <subfield code="a">Numeric</subfield>
            </datafield>
            <datafield tag="538" ind1=" " ind2=" ">
              <subfield code="a">Mode of access: Intranet.</subfield>
            </datafield>
            <datafield tag="500" ind1=" " ind2=" ">
              <subfield code="a">Title from ICPSR DDI metadata of 2019-01-17.</subfield>
            </datafield>
            <datafield tag="506" ind1=" " ind2=" ">
              <subfield code="a">AVAILABLE. This study is freely available to ICPSR member institutions.</subfield>
            </datafield>
            <datafield tag="530" ind1=" " ind2=" ">
              <subfield code="a">Also available as downloadable files.</subfield>
            </datafield>
            <datafield tag="522" ind1=" " ind2=" ">
              <subfield code="a">Florida</subfield>
            </datafield>
            <datafield tag="522" ind1=" " ind2=" ">
              <subfield code="a">United States</subfield>
            </datafield>
            <datafield tag="520" ind1="3" ind2=" ">
              <subfield code="a">&lt;p&gt;In the United States presidential election of November 2000, approximately 180,000 ballots in Florida's 67 counties were uncertified because they failed to register a "valid" vote for president. These ballots included those in which no vote was recorded (undervotes) and those in which people voted for more than one candidate (overvotes). The 2000 Florida Ballots Project examined the undervotes and overvotes. The goal of the project was not to declare a "winner," but rather to carefully examine the ballots to assess the relative reliability of the three major types of ballot systems used in Florida. The results of this assessment may help state legislatures, other decision-makers, and developers of ballot systems to work toward more reliable ballot systems in the future.&lt;/p&gt; &lt;p&gt;This collection contains seven separate data sets. The first data set is the "Raw Data File" which contains one record for each ballot examined. In addition to ballot information, each record includes county name, FIPS code, ballot system and other identifying information. The unique identifier for each record is recorded in the variable BALNUM, and can be used to link the data sets. The second data set is the "Aligned Data File." This data set matches the Raw Data File with the exception of the variables associated with the candidates. All chad-level data (including chads that represent a particular candidate) are presented in the raw file. In the aligned data file, only those data that apply to candidate chads are included - data from three coding systems are contained in the same variable for each candidate. The third data set is the "Recode Data File." At random intervals, after coding a group of ballots, the coders were instructed to recode the same ballots as a check on intra-coder reliability (or consistency within a coder). These second codings are contained in the recode data file. The difference between variables in the recode data and file and the aligned data file is variables with the suffix C1, C2, or C3 in the aligned data has R1, R2, and R3, respectively, in the recode data. The fourth data file is the "Comment Data File." The comments data file is a ballot-level file containing all comments made by coders during the coding of ballots. The data file contains one record for each ballot for which at least one of the three coders recorded a comment; 5,407 ballots had at least one coder comment and are contained in this file. The fifth data file is the "Coder Demographic Data File." The Coder Demographic data file contains the results of a questionnaire given to each coder employed by NORC for the Florida Ballots Project. This file contains one record for each coder and includes information such as the sex, marital status, age, income level, ethnicity, and political affiliation of each coder. The ID field contains the identification number of the coder which can be used as a link to the raw and aligned data files. The sixth and seventh data sets are the "Orange County Raw Data File" and "Orange County Aligned Data File." These two data sets are identical to the structures of the raw and aligned data files, respectively. Each file has 417 records. These data files are being made available because the 966 undervotes and 1,383 overvotes reported by Orange County on election day (that ultimately informed the tally of certified totals) could not be segregated by county officials responsible for producing the ballots for NORC review. The NORC coders were initially shown only 640 undervotes and 1,197 overvotes. At the time of initial coding, more than 400 of the ballots rejected by machines on election day simply could not be distinguished from ballots that were accepted and certified on election day.&lt;/p&gt;Cf: http://doi.org/10.3886/ICPSR36207.v1</subfield>
            </datafield>
            <datafield tag="505" ind1=" " ind2=" ">
              <subfield code="t">Raw Data File</subfield>
            </datafield>
            <datafield tag="505" ind1=" " ind2=" ">
              <subfield code="t">Aligned Data File</subfield>
            </datafield>
            <datafield tag="505" ind1=" " ind2=" ">
              <subfield code="t">Recode Data File</subfield>
            </datafield>
            <datafield tag="505" ind1=" " ind2=" ">
              <subfield code="t">Comments Data File</subfield>
            </datafield>
            <datafield tag="505" ind1=" " ind2=" ">
              <subfield code="t">Coder Demographic Data File</subfield>
            </datafield>
            <datafield tag="505" ind1=" " ind2=" ">
              <subfield code="t">Orange County Raw Data File</subfield>
            </datafield>
            <datafield tag="505" ind1=" " ind2=" ">
              <subfield code="t">Orange County Aligned Data File</subfield>
            </datafield>
            <datafield tag="567" ind1=" " ind2=" ">
              <subfield code="a">Uncertified ballots for the 2000 United States presidential election in Florida.</subfield>
            </datafield>
            <datafield tag="650" ind1=" " ind2="7">
              <subfield code="a">Bush, George W.</subfield>
              <subfield code="2">icpsr</subfield>
            </datafield>
            <datafield tag="650" ind1=" " ind2="7">
              <subfield code="a">election districts</subfield>
              <subfield code="2">icpsr</subfield>
            </datafield>
            <datafield tag="650" ind1=" " ind2="7">
              <subfield code="a">elections</subfield>
              <subfield code="2">icpsr</subfield>
            </datafield>
            <datafield tag="650" ind1=" " ind2="7">
              <subfield code="a">electoral systems</subfield>
              <subfield code="2">icpsr</subfield>
            </datafield>
            <datafield tag="650" ind1=" " ind2="7">
              <subfield code="a">Gore, Al</subfield>
              <subfield code="2">icpsr</subfield>
            </datafield>
            <datafield tag="650" ind1=" " ind2="7">
              <subfield code="a">national elections</subfield>
              <subfield code="2">icpsr</subfield>
            </datafield>
            <datafield tag="650" ind1=" " ind2="7">
              <subfield code="a">presidential elections</subfield>
              <subfield code="2">icpsr</subfield>
            </datafield>
            <datafield tag="650" ind1=" " ind2="7">
              <subfield code="a">vote count</subfield>
              <subfield code="2">icpsr</subfield>
            </datafield>
            <datafield tag="650" ind1=" " ind2="7">
              <subfield code="a">vote recount</subfield>
              <subfield code="2">icpsr</subfield>
            </datafield>
            <datafield tag="650" ind1=" " ind2="7">
              <subfield code="a">voter history</subfield>
              <subfield code="2">icpsr</subfield>
            </datafield>
            <datafield tag="650" ind1=" " ind2="7">
              <subfield code="a">voter registration</subfield>
              <subfield code="2">icpsr</subfield>
            </datafield>
            <datafield tag="650" ind1=" " ind2="7">
              <subfield code="a">voter turnout</subfield>
              <subfield code="2">icpsr</subfield>
            </datafield>
            <datafield tag="650" ind1=" " ind2="7">
              <subfield code="a">voters</subfield>
              <subfield code="2">icpsr</subfield>
            </datafield>
            <datafield tag="650" ind1=" " ind2="7">
              <subfield code="a">voting ballots</subfield>
              <subfield code="2">icpsr</subfield>
            </datafield>
            <datafield tag="650" ind1=" " ind2="7">
              <subfield code="a">voting machines</subfield>
              <subfield code="2">icpsr</subfield>
            </datafield>
            <datafield tag="653" ind1="0" ind2=" ">
              <subfield code="a">ICPSR XIV.A.3. Mass Political Behavior and Attitudes, Historical and Contemporary Electoral Processes, Election Returns</subfield>
            </datafield>
            <datafield tag="653" ind1="0" ind2=" ">
              <subfield code="a">ICPSR XIV.A.3.a. Mass Political Behavior and Attitudes, Historical and Contemporary Electoral Processes, Election Returns, United States</subfield>
            </datafield>
            <datafield tag="653" ind1="0" ind2=" ">
              <subfield code="a">ICPSR XIV.A. Mass Political Behavior and Attitudes, Historical and Contemporary Electoral Processes</subfield>
            </datafield>
            <datafield tag="710" ind1="2" ind2=" ">
              <subfield code="a">NORC at the University of Chicago</subfield>
            </datafield>
            <datafield tag="710" ind1="2" ind2=" ">
              <subfield code="a">The New York Times</subfield>
            </datafield>
            <datafield tag="710" ind1="2" ind2=" ">
              <subfield code="a">The Wall Street Journal</subfield>
            </datafield>
            <datafield tag="710" ind1="2" ind2=" ">
              <subfield code="a">The Washington Post Company</subfield>
            </datafield>
            <datafield tag="710" ind1="2" ind2=" ">
              <subfield code="a">Tribune Publishing</subfield>
            </datafield>
            <datafield tag="710" ind1="2" ind2=" ">
              <subfield code="a">CNN</subfield>
            </datafield>
            <datafield tag="710" ind1="2" ind2=" ">
              <subfield code="a">Associated Press</subfield>
            </datafield>
            <datafield tag="710" ind1="2" ind2=" ">
              <subfield code="a">St. Petersburg Times</subfield>
            </datafield>
            <datafield tag="710" ind1="2" ind2=" ">
              <subfield code="a">The Palm Beach Post</subfield>
            </datafield>
            <datafield tag="710" ind1="2" ind2=" ">
              <subfield code="a">Inter-university Consortium for Political and Social Research.</subfield>
            </datafield>
            <datafield tag="830" ind1=" " ind2="0">
              <subfield code="a">ICPSR (Series)</subfield>
              <subfield code="v">36207</subfield>
            </datafield>
            <datafield tag="856" ind1="4" ind2="0">
              <subfield code="z">Access restricted ; authentication may be required:</subfield>
              <subfield code="u">http://doi.org/10.3886/ICPSR36207.v1</subfield>
            </datafield>
          </record>
        </collection>
      </metadata>
    </record>