
    <record>
      <header>
        <identifier>36215</identifier>
        <datestamp>2015-06-30T01:01:01Z</datestamp>
      </header>
      <metadata>
        <collection xmlns="http://www.loc.gov/MARC21/slim" xsi:schemaLocation="http://www.loc.gov/MARC21/slim https://www.loc.gov/standards/marcxml/schema/MARC21slim.xsd">
          <record>
            <leader>cmm 22 4500</leader>
            <controlfield tag="001">ICPSR36215</controlfield>
            <controlfield tag="003">MiAaI</controlfield>
            <controlfield tag="006">m f a u</controlfield>
            <controlfield tag="007">cr mn mmmmuuuu</controlfield>
            <controlfield tag="008">190117s2015 miu f a eng d</controlfield>
            <datafield tag="035" ind1=" " ind2=" ">
              <subfield code="a">(MiAaI)ICPSR36215</subfield>
            </datafield>
            <datafield tag="040" ind1=" " ind2=" ">
              <subfield code="a">MiAaI</subfield>
              <subfield code="c">MiAaI</subfield>
            </datafield>
            <datafield tag="245" ind1="0" ind2="0">
              <subfield code="a">Risk Factors for AIDS Among Intravenous Drug Users Study, New York City, 1991-1995</subfield>
              <subfield code="h">[electronic resource]</subfield>
              <subfield code="c">Don Des Jarlais</subfield>
            </datafield>
            <datafield tag="250" ind1=" " ind2=" ">
              <subfield code="a">2015-06-30</subfield>
            </datafield>
            <datafield tag="260" ind1=" " ind2=" ">
              <subfield code="a">Ann Arbor, Mich.</subfield>
              <subfield code="b">Inter-university Consortium for Political and Social Research [distributor]</subfield>
              <subfield code="c">2015</subfield>
            </datafield>
            <datafield tag="490" ind1=" " ind2=" ">
              <subfield code="a">ICPSR</subfield>
              <subfield code="v">36215</subfield>
            </datafield>
            <datafield tag="516" ind1=" " ind2=" ">
              <subfield code="a">Numeric</subfield>
            </datafield>
            <datafield tag="538" ind1=" " ind2=" ">
              <subfield code="a">Mode of access: Intranet.</subfield>
            </datafield>
            <datafield tag="500" ind1=" " ind2=" ">
              <subfield code="a">Title from ICPSR DDI metadata of 2019-01-17.</subfield>
            </datafield>
            <datafield tag="536" ind1=" " ind2=" ">
              <subfield code="a">United States Department of Health and Human Services. National Institutes of Health. National Institute on Drug Abuse</subfield>
              <subfield code="c">R01 DA 003574</subfield>
            </datafield>
            <datafield tag="506" ind1=" " ind2=" ">
              <subfield code="a">AVAILABLE. This study is freely available to the general public.</subfield>
            </datafield>
            <datafield tag="530" ind1=" " ind2=" ">
              <subfield code="a">Also available as downloadable files.</subfield>
            </datafield>
            <datafield tag="522" ind1=" " ind2=" ">
              <subfield code="a">New York City</subfield>
            </datafield>
            <datafield tag="522" ind1=" " ind2=" ">
              <subfield code="a">United States</subfield>
            </datafield>
            <datafield tag="520" ind1="3" ind2=" ">
              <subfield code="a">&lt;p&gt;The Risk Factors for AIDS among Intravenous Drug Users study is an ongoing series of cross-sectional studies that recruits participants from a storefront research site and from one of New York City's largest detoxification facilities. The goal of the study was to assess the potential effectiveness of HIV interventions by examining participants' drug use, risk behavior, and AIDS prevention knowledge and activities.&lt;/p&gt; &lt;p&gt;The dataset combines survey responses taken from interviews conducted at the Bellevue Methadone Maintenance Treatment Program, the Beth Israel Medical Center and from a high drug use area in Lower East Side of Manhattan. All participants were at least 18 years of age or older. Participants from the Beth Israel Medical Center and the Lower East Side were given face-to-face interviews based on a World Health Organization Multi-Centre questionnaire. Data from the Bellevue Methadone Maintenance Treatment Program were extracted from patients' clinical files. Minimal demographic and HIV risk behavior were included in the methadone patient responses in these data to protect their anonymity. Blood samples were taken from participants to test for HIV.&lt;/p&gt; &lt;p&gt;These data also contain information on topics including participant demographics, alcohol use, drug use, substance abuse treatment, needle sharing habits, sexual behavior, social networks, HIV testing services, as well as mental and physical health. Drugs use explored in this study includes heroin, cocaine, crack, methadone, amphetamines, ice, tranquilizers, barbiturates and other drugs.&lt;/p&gt;&lt;p&gt;This dataset is public-use. A restricted-use version of the dataset is also available with the associated study number &lt;a href="http://www.icpsr.umich.edu/icpsrweb/NAHDAP/studies/35078"&gt;35078&lt;/a&gt;. There are 2,907 respondents and 902 variables in the dataset.&lt;/p&gt;Cf: http://doi.org/10.3886/ICPSR36215.v1</subfield>
            </datafield>
            <datafield tag="505" ind1=" " ind2=" ">
              <subfield code="t">Risk Factors for AIDS Among Intravenous Drug Users Study, New York City, 1991-1995</subfield>
            </datafield>
            <datafield tag="567" ind1=" " ind2=" ">
              <subfield code="a">Intravenous drug users age 18 years and older in New York City.</subfield>
            </datafield>
            <datafield tag="650" ind1=" " ind2="7">
              <subfield code="a">AIDS</subfield>
              <subfield code="2">icpsr</subfield>
            </datafield>
            <datafield tag="650" ind1=" " ind2="7">
              <subfield code="a">cocaine</subfield>
              <subfield code="2">icpsr</subfield>
            </datafield>
            <datafield tag="650" ind1=" " ind2="7">
              <subfield code="a">drug treatment</subfield>
              <subfield code="2">icpsr</subfield>
            </datafield>
            <datafield tag="650" ind1=" " ind2="7">
              <subfield code="a">drug use</subfield>
              <subfield code="2">icpsr</subfield>
            </datafield>
            <datafield tag="650" ind1=" " ind2="7">
              <subfield code="a">health behavior</subfield>
              <subfield code="2">icpsr</subfield>
            </datafield>
            <datafield tag="650" ind1=" " ind2="7">
              <subfield code="a">health education</subfield>
              <subfield code="2">icpsr</subfield>
            </datafield>
            <datafield tag="650" ind1=" " ind2="7">
              <subfield code="a">heroin</subfield>
              <subfield code="2">icpsr</subfield>
            </datafield>
            <datafield tag="650" ind1=" " ind2="7">
              <subfield code="a">HIV</subfield>
              <subfield code="2">icpsr</subfield>
            </datafield>
            <datafield tag="650" ind1=" " ind2="7">
              <subfield code="a">intravenous drug use</subfield>
              <subfield code="2">icpsr</subfield>
            </datafield>
            <datafield tag="650" ind1=" " ind2="7">
              <subfield code="a">prostitution</subfield>
              <subfield code="2">icpsr</subfield>
            </datafield>
            <datafield tag="650" ind1=" " ind2="7">
              <subfield code="a">sexual behavior</subfield>
              <subfield code="2">icpsr</subfield>
            </datafield>
            <datafield tag="650" ind1=" " ind2="7">
              <subfield code="a">sexually transmitted disease</subfield>
              <subfield code="2">icpsr</subfield>
            </datafield>
            <datafield tag="650" ind1=" " ind2="7">
              <subfield code="a">social behavior</subfield>
              <subfield code="2">icpsr</subfield>
            </datafield>
            <datafield tag="650" ind1=" " ind2="7">
              <subfield code="a">social networks</subfield>
              <subfield code="2">icpsr</subfield>
            </datafield>
            <datafield tag="653" ind1="0" ind2=" ">
              <subfield code="a">NAHDAP I. National Addiction and HIV Data Archive Program</subfield>
            </datafield>
            <datafield tag="653" ind1="0" ind2=" ">
              <subfield code="a">ICPSR II. Community and Urban Studies</subfield>
            </datafield>
            <datafield tag="700" ind1="2" ind2=" ">
              <subfield code="a">Des Jarlais, Don</subfield>
              <subfield code="u">Beth Israel Medical Center</subfield>
            </datafield>
            <datafield tag="710" ind1="2" ind2=" ">
              <subfield code="a">Inter-university Consortium for Political and Social Research.</subfield>
            </datafield>
            <datafield tag="830" ind1=" " ind2="0">
              <subfield code="a">ICPSR (Series)</subfield>
              <subfield code="v">36215</subfield>
            </datafield>
            <datafield tag="856" ind1="4" ind2="0">
              <subfield code="z">Access restricted ; authentication may be required:</subfield>
              <subfield code="u">http://doi.org/10.3886/ICPSR36215.v1</subfield>
            </datafield>
          </record>
        </collection>
      </metadata>
    </record>
    <resumptionToken expirationDate="2019-01-18T02:56:54Z" cursor="192" completeListSize="10358">193:1900-01-01:2099-12-31:oai_marc</resumptionToken>
  </ListRecords>
</OAI-PMH>

